4959 6134
287 595 328 647 >E
345 593 472 649 sltem
488 593 738 649 sturtt'stt'tlavs
754 593 834 647 tout
850 593 1011 647 palasea
1142 597 1180 658 21

438 783 525 837 supra
550 764 742 837 *praedictum
768 768 834 821 sunt
859 767 1020 822 numerum⁴
1051 764 1133 838 quasi
1158 782 1210 821 nec

439 851 597 909 militantes
614 854 644 908 et
662 852 738 922 apud
750 850 962 908 inlustrissimas
973 854 1163 923 praefecturas
1181 858 1211 911 et

440 940 517 1012 apud
540 938 645 995 *viros*
670 937 838 994 clarissimos
861 941 982 996 rectores
1005 940 1211 1009 provinciarum

440 1027 476 1084 de
495 1026 623 1097 quolibet
642 1024 771 1097 *negotio
790 1025 897 1095 pulsari
917 1028 948 1082 et
965 1025 1106 1082 conveniri
1124 1029 1153 1080 et
1171 1045 1210 1081 re·

440 1113 576 1185 spondere
607 1111 668 1168 sine
700 1111 807 1183 cinguli
836 1111 1058 1183 praescriptione
1089 1112 1211 1168 decerni·

1648 597 1777 650 THEOD.
1795 596 1845 650 vlt
1862 592 1880 650 4

1283 765 1444 820 *huiusmodi
1462 785 1533 819 uum.
1554 769 1663 821 militare
1681 768 1839 822 noscuntur*

1283 936 1381 991 *viros*
1401 956 1450 991 om.

1284 1022 1395 1091 *pulsari
1413 1033 1439 1078 et
1455 1042 1478 1077 c.
1496 1034 1522 1079 et
1539 1028 1596 1079 sine
1613 1045 1634 1079 c.
1655 1046 1766 1095 praescr.
1777 1046 1879 1097 respon·

1300 1096 1359 1146 dere
1377 1097 1479 1162 negotio
1498 1095 1643 1149 sancimus*
1657 1100 1720 1165 finit

1907 955 1931 994 ts

407 1197 529 1256 2mm⁴.
613 1200 625 1267 11
637 1197 754 1254 Probari
773 1199 897 1255 'sutem⁴
917 1198 1093 1269 adparitores
1111 1196 1212 1270 magis
1310 1196 1534 1265 llIast.12,54‚3
1595 1198 1600 1267 1
1662 1198 1778 1255 *autem*
1798 1218 1848 1255 om.

440 1284 530 1343 uriae
548 1283 700 1356 potestatis
717 1302 807 1354 neque
820 1284 939 1340 curiales
951 1301 1041 1354 neque
1054 1275 1213 1340 cohortales

406 1371 532 1442 bneque
555 1369 684 1426 censibus
706 1371 833 1426 volumus
855 1369 1013 1441 adscriptos
1029 1372 1046 1440 11
1151 1371 1212 1434 Quo

439 1462 536 1515 autem
553 1455 592 1513 sit
610 1459 725 1521 certum
744 1456 793 1526 qui
811 1459 998 1513 trecentorum
1016 1474 1130 1512 numero
1149 1474 1211 1512 con·

439 1543 579 1608 mensur,
603 1541 633 1597 in
650 1541 798 1599 sententiis
822 1541 867 1599 vel
893 1542 1065 1613 praeceptis,
1091 1558 1164 1611 quae
1190 1540 1400 1610 adparitoribus
1425 1539 1604 1612 magisteriae
1631 1541 1782 1613 potestatis
1807 1560 1882 1599 exse·

440 1629 552 1699 quenda
569 1629 745 1695 mandantur,
764 1628 810 1682 vel
828 1628 858 1683 in
876 1628 1087 1696 commeatibus,
1105 1628 1129 1683 si
1147 1628 1219 1683 forte
1237 1627 1301 1697 quis
1319 1644 1412 1683 eorum
1431 1628 1467 1683 ad
1483 1646 1533 1683 sua
1551 1628 1655 1685 reverti
1672 1629 1792 1685 voluerit
1811 1647 1882 1685 eom-

439 1718 544 1781 meatu,
563 1715 655 1771 virum
673 1715 853 1786 magnificum
870 1714 1036 1786 magistrum
1054 1713 1178 1770 militum
1196 1714 1347 1770 subnotare
1365 1731 1506 1770 censemus
1524 1715 1558 1771 de
1570 1732 1683 1772 numero
1695 1718 1883 1772 becentomm

440 1820 504 1859 eum
522 1820 596 1867 esse,
620 1801 666 1858 cui
691 1806 846 1874 praecepta
870 1802 914 1857 vel
938 1801 1096 1859 sententiae
1117 1802 1269 1857 mandatae
1286 1804 1352 1855 sunt
1370 1801 1561 1871 exsequendae
1580 1802 1624 1858 vel
1646 1802 1691 1857 oui
1710 1803 1746 1857 ad
1763 1821 1815 1859 sua
1832 1820 1882 1873 per
1908 1814 1933 1854 as

404 1888 424 1942 4
442 1894 629 1946 commeatum
646 1888 750 1945 reverti
768 1904 927 1943 concessum
945 1887 989 1944 est
1069 1886 1098 1943 Si
1117 1887 1180 1957 quis
1197 1886 1287 1958 igitur
1304 1889 1457 1941 conventus
1474 1904 1507 1942 ex
1526 1887 1666 1943 sententia
1678 1892 1744 1945 tuas
1756 1890 1883 1946 excelsae

439 1975 514 2032 sedis
534 1975 580 2032 vel
599 1973 756 2031 urbicariae
774 1974 966 2043 praefecturae
989 1974 1034 2030 vel
1061 1971 1245 2028 moderatoris
1269 1971 1431 2042 provinciae
1448 1972 1638 2042 adparitorem
1655 1991 1685 2029 se
1701 1975 1882 2047 magisteriae

442 2061 595 2135 potestatis
613 2060 692 2115 dicat
708 2077 760 2115 nec
777 2058 908 2131 magistri
925 2060 1048 2115 militum
1066 2059 1154 2116 talem
1172 2058 1405 2129 subscriptionem
1417 2059 1575 2129 protulerit,
1593 2060 1646 2115 fori
1658 2061 1793 2117 eiusmodi
1803 2078 1882 2132 prae·

404 2146 622 2219 coemptionem
640 2145 669 2201 in
687 2145 747 2202 eius
764 2162 884 2215 persona
902 2161 1010 2201 cessare
1028 2144 1208 2201 decernimus.
1280 2144 1359 2208 Quod
1376 2143 1401 2199 si
1420 2146 1531 2214 qualem
1549 2145 1669 2201 diximus
1686 2146 1814 2219 magistri
1832 2146 1882 2202 mi·

440 2232 525 2290 litum
542 2231 777 2303 subscriptionem
796 2230 955 2301 protulerit,
972 2231 997 2286 si
1014 2231 1126 2301 quidem
1145 2230 1195 2287 ille
1213 2235 1270 2296 est,
1296 2230 1342 2285 oui
1364 2248 1453 2301 neque
1471 2248 1489 2286 a
1506 2232 1584 2287 curia
1601 2249 1690 2301 neque
1708 2250 1726 2287 a
1744 2231 1882 2289 cohortali
1909 2244 1934 2282 ao

1275 1368 1286 1434 ΙΙ
1292 1372 1356 1438 finit
1907 1382 1933 1424 tt

441 2318 536 2377 officio
554 2319 588 2375 de
606 2322 684 2375 statu
701 2320 848 2373 moveatur
866 2317 1066 2381 controversia,
1084 2334 1135 2373 nec
1153 2317 1261 2374 tributa
1280 2318 1324 2372 vel
1342 2317 1499 2374 functiones
1516 2317 1617 2375 debere
1637 2319 1769 2384 firmatur,
1787 2321 1884 2376 statim

439 2405 624 2462 dimittendus
640 2406 684 2460 est
702 2406 803 2475 utpote
821 2404 874 2459 tori
892 2403 1009 2459 alterius
1027 2403 1165 2475 litigator.
1266 2409 1882 2419 m—

403 2492 422 2546 6
450 2494 463 2561 11
483 2491 564 2555 Quod
588 2490 612 2546 si
636 2492 673 2547 ab
696 2507 729 2545 eo
750 2489 908 2560 proferatur
928 2507 1012 2560 saepe
1043 2489 1121 2545 dicta
1151 2490 1213 2546 sub·

441 2576 573 2649 scriptio,
599 2575 649 2646 qui
674 2595 693 2632 a
719 2575 798 2632 curia
824 2576 870 2632 vel
897 2575 990 2631 officio
1017 2575 1155 2633 cohortali
1179 2577 1213 2633 de

440 2668 519 2721 stetu
542 2663 652 2734 patitur
673 2662 903 2728 controversiam,
927 2662 971 2718 vel
990 2663 1026 2718 ab
1044 2679 1088 2726 eo,
1106 2662 1155 2731 qui
1183 2665 1215 2717 ut

441 2750 551 2807 tributa
568 2749 613 2805 vel
642 2748 801 2805 functiones
827 2748 931 2804 debens
952 2747 982 2802 iu
1006 2747 1152 2818 provincia
1169 2749 1215 2804 de-

440 2836 559 2902 tinetur,
590 2836 624 2891 de
651 2834 712 2892 eius
737 2851 857 2905 persona
883 2838 913 2890 ct
939 2835 975 2889 ad
997 2832 1087 2888 virum
1108 2834 1215 2905 magni·

440 2925 523 2980 ficum
556 2918 723 2993 magistrum
756 2920 892 2987 militum,
926 2919 1005 2976 cuius
1041 2936 1070 2975 se
1103 2919 1214 2989 adpari—

441 3015 529 3068 torem
548 3008 633 3077 dicit,
657 3010 687 3063 st
704 3006 932 3062 inlustrissimum
950 3005 1155 3076 praefecturam
1173 3024 1213 3061 re·

440 3096 507 3153 ferri
524 3092 710 3158 decernimus,
735 3096 780 3161 ut,
804 3091 829 3146 si
853 3090 928 3146 iutra
949 3094 1085 3161 quattuor
1105 3109 1213 3147 menses

442 3201 496 3239 non
514 3180 600 3236 fuerit
617 3198 636 3235 a
652 3177 788 3249 magistro
806 3178 929 3233 militum
942 3196 1027 3233 causa
1039 3178 1140 3234 rectori
1152 3196 1212 3249 pro

442 3267 551 3323 vinciae
568 3266 709 3337 delegata,
727 3269 795 3321 tunc
812 3280 846 3318 ex
864 3263 1004 3319 sententia
1022 3264 1065 3320 tui
1083 3265 1212 3321 culminis

441 3352 586 3426 negotium
603 3352 649 3407 vel
668 3351 697 3405 in
720 3352 769 3405 tuo
787 3349 892 3405 iudicio
914 3351 958 3405 vel
983 3351 1059 3421 apud
1076 3353 1211 3407 rectorem

406 3439 423 3492 'l
441 3439 603 3511 provinciae
617 3442 769 3508 peroretur.
782 3438 794 3504 1
841 3435 920 3499 Quod
939 3435 962 3489 si
975 3438 1052 3506 apud
1064 3437 1210 3494 inlustrem

439 3530 524 3596 atque
542 3523 722 3595 magnificam
740 3524 818 3577 tuam
833 3523 925 3578 sedem
939 3523 1094 3592 postulatio
1112 3529 1211 3580 contra

438 3612 526 3667 telem
543 3609 629 3666 fuerit
648 3607 837 3679 adparitorem
851 3607 987 3678 deposita,
1004 3610 1041 3665 ab
1054 3627 1087 3666 ea
1099 3627 1210 3679 quoque

439 3697 503 3753 sede
526 3696 563 3752 ad
587 3694 677 3751 virum
699 3693 877 3765 magnificum
897 3694 1062 3766 magistrum
1087 3695 1210 3751 militum

438 3781 523 3839 scribi
550 3780 705 3840 conveniet
742 3780 803 3843 Quo
825 3781 901 3835 facto
925 3779 1001 3835 intra
1022 3783 1079 3836 tres
1102 3800 1210 3838 meuses

439 3884 500 3922 cum
519 3864 695 3937 amplissima
713 3870 764 3921 tua
781 3865 846 3921 sede
860 3864 920 3921 viro
937 3883 1048 3936 quoque
1060 3866 1209 3938 magnifico

439 3952 575 4023 magistro
586 3952 709 4007 militum
722 3950 866 4007 iudicante
883 3969 994 4007 causam
1008 3951 1104 4007 ordine
1116 3953 1210 4023 legum

405 4037 422 4093 8
440 4038 620 4096 determinari
638 4055 789 4094 censemus.
877 4037 931 4093 Sed
948 4044 978 4093 et
989 4041 1000 4106 11
1012 4055 1045 4094 eo
1063 4056 1136 4103 casu,
1154 4057 1210 4107 quo

1451 2491 1540 2558 illast.
1552 2496 1576 2558 3,
1591 2496 1660 2558 23,2
1666 2511 1729 2559 psa:

1285 2563 1322 2614 ita
1350 2569 1435 2613 umen
1461 2569 1503 2627 ut,
1527 2564 1570 2614 eui
1593 2579 1625 2614 ex
1647 2563 1803 2615 militaribus
1820 2563 1883 2614 viris

1285 2632 1373 2683 curias
1391 2648 1484 2683 nomeu
1496 2632 1538 2682 vel
1550 2630 1688 2684 cohortalis
1700 2632 1779 2683 officii
1790 2648 1882 2697 quaes·
1909 2670 1933 2710 Ἀ

1285 2701 1320 2751 tio
1330 2702 1471 2766 ingeratur,
1484 2708 1567 2754 rector
1578 2701 1726 2768 provincias
1738 2717 1815 2767 super
1826 2702 1882 2753 eius

1285 2770 1388 2821 nomine
1406 2776 1459 2820 tam
1472 2770 1500 2820 in
1508 2771 1593 2821 sedem
1606 2777 1666 2822 tuae
1678 2771 1883 2837 magnificentiae

1285 2854 1364 2903 quam
1381 2840 1414 2890 ad
1437 2839 1609 2905 magisteriam
1627 2841 1669 2890 vel
1692 2841 1725 2890 ad
1747 2847 1882 2905 conpeten-

1287 2915 1338 2959 tem
1356 2910 1452 2960 ret‘erat
1503 2914 1632 2969 testatem,
1655 2915 1685 2959 ut
1701 2909 1729 2958 bi
1747 2909 1792 2974 qui
1810 2909 1883 2959 velut

1285 2977 1363 3028 debiti
1399 2926 1572 3043 postuidntur,
1606 2977 1759 3045 provinciali
1787 2977 1882 3028 iudicio

1284 3045 1404 3097 destinati
1428 3046 1464 3096 ibi
1487 3053 1609 3098 eventum
1631 3046 1719 3097 iudicii
1737 3053 1880 3111 expectent.

1284 3115 1328 3165 ubi
1351 3115 1410 3166 iura
1433 3115 1529 3168 moveri
1553 3116 1713 3182 praecipiunt
1734 3113 1881 3166 huiusmodi
1908 3100 1933 3137 *⁰

1282 3186 1454 3248 quaestiones.
1468 3183 1479 3248 11

1461 4043 1472 4107 ιι
1485 4043 1549 4094 rurs.
1566 4048 1586 4105 7,
1602 4046 1646 4108 os,
1658 4045 1692 4096 ss

440 4247 475 4303 15
492 4247 580 4318 supa]
594 4248 845 4314 r1ms.,superA0
897 4245 932 4301 15
943 4250 1013 4300 uiros
1025 4249 1134 4301 clarissi-
1187 4252 1390 4304 discernimusA
1441 4249 1472 4316 si]
1492 4252 1513 4302 si
1549 4250 1627 4302 uisO
1713 4246 1750 4302 tt)
1766 4266 1782 4301 s
1799 4246 1880 4315 curis]

438 4337 494 4372 mos
509 4318 564 4387 (·us
576 4316 617 4386 111
631 4318 688 4382 ΓΟ,
710 4318 866 4370 clarissimos
884 4318 960 4382 lust,
983 4320 1092 4370 uscauis
1106 4322 1135 4384 A,
1187 4322 1259 4372 curia
1271 4321 1318 4371 AO
1378 4269 1548 4386 acobortslii
1563 4317 1656 4371 cob.O
1741 4315 1776 4371 91
1795 4334 1882 4370 moue-

439 4390 547 4441 uicsuos
563 4389 604 4440 oet
620 4389 658 4440 ᾗ
670 4389 701 4439 e'c
712 4387 834 4439 Pithoeus
899 4394 1025 4439 romscot
1037 4388 1100 4439 last.
1188 4398 1230 4441 tur
1242 4393 1264 4438 Γ
1314 4387 1366 4455 uel}
1380 4392 1407 4449 Γ,
1425 4406 1473 4440 nec
1485 4387 1532 4440 AO
1604 4386 1641 4441 99
1658 4387 1829 4439 demittendus
1841 4390 1881 4436 ΓΑ

441 4457 476 4510 lt
494 4458 626 4526 pulsaret·
668 4457 837 4509 conueniret·
878 4404 959 4510 itit?
971 4473 1012 4507 res
1031 4453 1135 4522 cudere]
1222 4459 1339 4525 litigatur
1353 4462 1379 4521 Γ,
1398 4459 1546 4526 litigeturA
1636 4452 1673 4509 94
1690 4458 1735 4523 qui
1753 4454 1779 4523 a]
1798 4474 1849 4522 qua
1861 4458 1884 4503 Γ

438 4527 617 4595 responderit*
668 4523 703 4577 17
721 4526 937 4593 proscriptiones
988 4474 1070 4590 11119
1087 4527 1136 4576 dir·
1188 4525 1224 4578 91
1243 4537 1269 4580 st
1286 4524 1328 4593 ad]
1342 4526 1387 4577 ΓΟ
1398 4527 1526 4592 Pittacum,
1543 4528 1601 4578 etA
1664 4523 1701 4578 119
1718 4527 1818 4578 dicetA

439 4598 596 4649 cernimusA
648 4593 683 4647 18
700 4591 797 4661 suum]
811 4597 920 4646 susml'
967 4595 1124 4661 adparitores
1188 4592 1272 4661 99149
1289 4599 1418 4649 referret·
1466 4593 1504 4648 49
1521 4595 1723 4647 discernimusA
1774 4591 1809 4646 tl
1828 4608 1881 4645 ma·

440 4665 556 4718 AOIast.
563 4662 625 4731 (A),
633 4663 818 4732 appetierint,
826 4663 1082 4730 adpetitionsslust.(
1087 4663 1126 4714 01
1186 4667 1296 4732 gistrum
1308 4668 1331 4713 Γ
1379 4661 1460 4728 41149
1478 4665 1635 4731 prouintiil'
1683 4659 1720 4715 49
1738 4664 1777 4715 tui
1789 4661 1882 4729 (cuit)

475 4732 557 4837 nim
568 4734 731 4801 magisterii*
771 4730 809 4785 99
821 4734 977 4784 censimust'
1009 4734 1135 4799 ascriptus
1187 4733 1277 4802 culm]
1296 4738 1328 4798 Γ,
1350 4735 1469 4786 culminis
1487 4735 1526 4785 tui
1539 4732 1586 4785 AO
1670 4730 1707 4784 49
1725 4733 1751 4783 in
1769 4730 1823 4799 tuo]
1836 4731 1882 4784 ΓΟ

440 4806 461 4887 Γ
501 4802 535 4856 ..l
549 4800 646 4870 sutem]
659 4804 768 4886 suaml'
808 4799 851 4868 sit]
863 4802 939 4855 sedl'
979 4799 1061 4866 91199
1075 4819 1134 4853 con·
1187 4804 1430 4887 RttoeusginitoA
1524 4800 1560 4856 45
1579 4802 1664 4854 sedem
1682 4809 1754 4853 tuam
1767 4799 1814 4851 AO

438 4870 856 5006 statuisses
880 4868 1133 5006 „stertere
1186 4868 1726 5004 ,1
1743 4865 1883 4991 estut

439 5013 467 5076 Γ,
484 5011 637 5064 commeatui
651 5012 680 5074 A,
698 5007 783 5060 osso
860 5005 897 5059 94
915 5009 1048 5060 subnotari
1063 5012 1085 5058 Γ
1186 5012 1217 5076 Γ)
1238 5028 1263 5076 q.
1288 5013 1305 5061 t.
1329 5012 1346 5061 i.
1369 5019 1386 5061 t.
1405 5028 1439 5061 m.
1457 5027 1480 5062 c.
1497 5026 1522 5062 s.
1540 5018 1558 5061 t.
1577 5027 1597 5061 s.
1614 5011 1670 5061 uiro
1693 5008 1790 5071 (uirum
1806 5007 1837 5070 0)
1855 5025 1880 5073 q.

438 5079 611 5144 cummimtub
623 5082 658 5142 A,
681 5079 813 5131 mucimus
825 5076 892 5128 Pt‘tt.
900 5076 964 5140 (ed)
977 5076 1032 5129 Grai.
1042 5078 1100 5129 ed?
1185 5098 1225 5131 ms
1264 5081 1321 5131 itico
1334 5077 1349 5142 (
1388 5118 1393 5129 .
1411 5076 1444 5141 0)
1461 5080 1583 5146 magistro
1595 5074 1715 5144 militum]
1728 5075 1779 5138 ΓΟ,
1797 5093 1846 5129 om.
1858 5080 1880 5128 A

438 5151 575 5202 num’s’rum
593 5150 615 5197 Γ
721 5144 758 5198 97
779 5143 950 5213 magisteriae]
970 5150 991 5194 Γ
1006 5146 1132 5207 Pithoeus,
1220 5097 1261 5200 ἃ]
1275 5145 1414 5215 iudicante]
1425 5148 1462 5198 sio
1474 5150 1522 5211 ΓΔ,
1540 5148 1693 5200 iudicantem
1706 5144 1803 5197 orta.
1816 5143 1881 5211 (sd.)

438 5218 589 5286 magistrum
601 5218 631 5281 A,
650 5217 804 5283 magnificae
819 5214 842 5265 0
904 5213 942 5266 98
964 5216 1052 5267 dicant
1070 5233 1102 5267 ne
1115 5219 1136 5265 Γ
1218 5216 1252 5269 51
1274 5219 1474 5269 determinaret·
1522 5213 1666 5283 censemus]
1684 5214 1847 5267 concedimus
1859 5213 1881 5266 0

472 5288 628 5357 mugistsrA
680 5286 758 5337 talem
776 5282 861 5335 omo
909 5281 993 5345 98199
1011 5287 1133 5351 perscrip
1218 5303 1283 5339 casu
1301 5289 1385 5338 omi*
1434 5283 1496 5354 quo}
1512 5287 1615 5353 quodl'

439 5356 569 5410 tionem*
641 5353 678 5408 99
695 5349 812 5423 persons]
826 5355 853 5415 Γ,
871 5369 1005 5420 personam
1017 5352 1065 5405 AO
