4959 6134
522 575 571 632 D!
585 577 892 636 marmiomve
1220 582 1262 647 43
1712 577 1839 642 ffllll).
1856 587 1934 644 xvn
1948 587 1967 645 2

524 769 579 822 que
605 751 644 808 sit
666 752 837 809 condicionis
863 758 914 811 aut
940 757 1047 821 sectae,
1073 774 1121 813 seu
1144 756 1272 827 quolibet
1295 756 1381 813 titulo
1403 775 1448 814 res
1468 757 1603 814 *caduca*
1675 757 1802 814 *catinos⁴
1822 777 1871 813 om.
1993 778 2019 818 ro

489 838 508 894 2
524 838 611 899 merit
630 840 704 897 *vel*
723 841 826 898 fiscalis
837 846 849 912 ΙΙ
861 843 906 898 vel
923 841 954 897 iu
973 861 1085 898 cauom
1104 844 1202 900 caduci
1221 844 1361 901 ceciderit.
1433 844 1512 908 Quod
1530 844 1604 901 idem
1676 842 1747 898 *vel*
1766 864 1814 899 oea
1844 845 1848 913 Ι
1886 845 1898 911 ΙΙ
1904 848 1967 916 finit

524 927 554 983 in
571 931 683 985 tantum
700 930 735 986 de
753 931 844 985 cetero
864 930 992 985 volumus
1010 928 1159 994 observari,
1177 932 1218 995 nt,
1235 930 1324 986 etiam
1337 929 1418 1001 siqua
1430 930 1534 1001 petitio
1546 930 1604 987 iam

524 1016 623 1073 oblata
639 1033 803 1085 responsum
819 1016 934 1081 meruit,
952 1015 1032 1072 cuins
1053 1018 1150 1074 tamen
1168 1015 1256 1073 etiam
1274 1035 1347 1074 nunc
1365 1018 1471 1088 pendet
1488 1021 1605 1075 eventus

525 1121 578 1160 nec
596 1103 686 1159 ullum
703 1104 785 1158 linem
804 1103 848 1160 vel
867 1121 901 1159 ex
917 1101 1108 1161 transactione
1127 1104 1172 1161 vel
1193 1102 1344 1160 iudiciaria
1361 1104 1533 1161 anctoritate
1552 1123 1607 1160 eor-

524 1191 582 1247 tita
604 1194 661 1256 est,
684 1189 839 1247 infirmetur
864 1190 1008 1261 omnisque
1035 1189 1238 1255 controversia,
1263 1190 1352 1246 omnis
1373 1191 1463 1257 actio,
1482 1210 1554 1261 qnae
1573 1210 1607 1249 ex

525 1276 685 1334 huiusmodi
705 1294 838 1348 responso
859 1281 922 1333 orta
945 1277 995 1342 sit,
1018 1296 1067 1335 seu
1089 1277 1118 1333 in
1140 1276 1275 1334 iudicium
1296 1277 1336 1334 sit
1353 1278 1474 1336 deducta
1490 1298 1540 1335 seu
1557 1279 1606 1334 mi·

525 1364 613 1429 nime,
630 1364 745 1435 penitus
764 1363 954 1436 extinguatur.
974 1365 1063 1420 llam
1080 1363 1104 1420 si
1123 1364 1168 1421 vel
1185 1363 1331 1420 definitiva
1348 1363 1488 1421 sententie
1505 1364 1607 1421 iudicis

525 1450 571 1507 vel
590 1449 779 1507 decisionibus
796 1449 972 1521 interpositis
990 1450 1021 1505 in
1038 1453 1202 1507 anteactum
1219 1454 1331 1522 tempus
1349 1469 1542 1521 quencumque
1559 1470 1606 1523 pe-

491 1534 509 1590 3
525 1536 593 1594 titio
610 1536 762 1594 terminata
778 1536 824 1601 sit,
842 1535 916 1593 banc
934 1536 1065 1608 deinceps
1081 1537 1231 1594 retractari
1243 1554 1299 1593 non
1311 1535 1444 1609 patimur.
1492 1539 1503 1607 ΙΙ
1515 1538 1605 1594 Nemo
1669 1537 1681 1604 ΙΙ
1692 1538 1759 1591 redit

527 1622 645 1695 *igitur*
668 1623 773 1679 audeat
789 1623 826 1679 ed
844 1621 1011 1695 petitionem
1033 1641 1125 1681 rerum
1147 1622 1272 1681 defuncti
1295 1624 1490 1690 defunctaeve,
1517 1622 1606 1681 cuiue-
1677 1621 1785 1694 *igitur*
1805 1642 1853 1677 orn
1993 1641 2019 1684 ao

525 1726 644 1779 cumque
661 1710 790 1765 fortunae
808 1709 884 1765 *vel*
903 1714 998 1766 sectae
1015 1708 1061 1775 sit,
1080 1708 1134 1766 etsi
1152 1710 1218 1766 fisco
1234 1713 1330 1766 nostro
1342 1711 1420 1767 locus
1432 1712 1539 1782 pateat,
1559 1710 1607 1767 ad·
1678 1708 1754 1764 *sut*

525 1797 640 1870 spirare,
659 1814 722 1852 cnm
739 1814 774 1853 ne
791 1795 850 1851 illis
869 1794 990 1866 quidem,
1008 1813 1126 1865 qnorum
1143 1799 1209 1853 actu
1228 1799 1314 1868 atque
1332 1796 1424 1854 officio
1435 1796 1607 1869 petitionum

524 1884 697 1956 procedebat
713 1883 836 1949 effectus,
854 1882 960 1955 inpune
977 1882 1064 1939 liceat
1080 1882 1182 1940 nostris
1200 1882 1391 1941 sanctionibus
1408 1884 1558 1941 adversari

525 1972 579 2030 esd
597 1969 641 2027 vir
657 1969 784 2027 inlustris
800 1968 913 2039 quidem
925 1968 1123 2039 cuiuscumque
1140 1969 1275 2041 temporis
1292 1973 1431 2040 quaestor,
1450 1970 1474 2026 si
1492 1971 1606 2027 oblatae
1623 1969 1757 2042 petitioni
1769 1970 1967 2041 subscripserit

525 2059 571 2116 vel
589 2056 677 2115 etiam
694 2073 857 2128 responsum
874 2054 996 2120 dederit,
1016 2056 1113 2127 virque
1130 2055 1257 2111 inlustris
1276 2058 1387 2127 clcmes)
1403 2060 1519 2127 r(ernm)
1536 2057 1733 2129 p(rlrata)rurn
1755 2055 1779 2113 si
1799 2057 1842 2115 vel
1861 2056 1962 2113 instrui
1993 2070 2019 2112 rs

525 2142 685 2215 penniserit
706 2144 751 2200 vel
777 2140 956 2214 petitionem,
984 2140 1087 2212 siqua
1108 2141 1276 2208 insinuetur,
1304 2142 1462 2210 admiserit,
1488 2143 1712 2216 indignationem
1736 2144 1825 2201 nostri
1847 2142 1967 2200 numinis

526 2230 706 2288 sustinebunt
729 2228 885 2299 ceterieque
906 2228 974 2286 flent
996 2228 1139 2285 vindictae
1163 2228 1333 2285 temeritatis
1356 2230 1524 2302 exemplum.
1559 2229 1734 2287 Memoriales
1753 2248 1832 2296 vero,
1855 2228 1904 2300 qui
1923 2246 1967 2285 ex·

527 2317 658 2390 cipienda
674 2316 811 2374 eiusmodi
828 2314 967 2387 rescripta
985 2317 1030 2371 vel
1048 2314 1181 2388 inplenda
1198 2315 1370 2382 curaverint,
1388 2321 1418 2374 et
1435 2316 1590 2389 palatinos,
1608 2316 1657 2387 qui
1674 2316 1811 2373 instruxe-
1866 2374 1969 2383 ,-

526 2403 584 2460 rint
608 2404 653 2460 vel
675 2406 758 2475 gesta
778 2401 917 2459 admissae
940 2401 1086 2475 petitionis
1108 2402 1260 2469 ediderint,
1280 2404 1414 2459 bonorum
1432 2403 1635 2476 proscriptione
1653 2403 1747 2475 puniri
1766 2405 1812 2462 de·
1882 2420 1951 2459 iver.

493 2494 511 2549 4
528 2490 672 2549 cernimus.
684 2493 696 2557 ΙΙ
795 2490 883 2546 Plane
908 2488 933 2545 si
955 2508 1037 2559 qnem
1056 2490 1101 2546 rel
1123 2490 1250 2560 siquam
1268 2490 1404 2549 intestato
1428 2508 1462 2548 ac
1480 2490 1566 2547 nullis
1583 2490 1751 2563 propinquis
1768 2510 1813 2548 ex·
1875 2492 1887 2558 11
1893 2493 1957 2561 finis
1991 2505 2019 2545 sc

525 2576 653 2634 tantibm
671 2576 715 2633 vel
733 2594 817 2633 uxore
841 2576 978 2633 maritove
1003 2576 1076 2633 diem
1099 2576 1190 2634 obisse
1208 2576 1368 2649 contigerit,
1380 2577 1440 2633 eive
1457 2576 1518 2634 eius
1535 2581 1630 2634 sectae
1647 2581 1774 2635 mortuns
1793 2578 1837 2633 vel
1856 2565 1966 2633 mcffda

525 2662 618 2726 fuerit,
635 2667 669 2719 nt
686 2662 747 2720 eius
763 2662 838 2718 bona
854 2680 888 2717 er
906 2662 1048 2718 divalibus
1065 2661 1258 2719 sanctionibus
1274 2662 1334 2719 fisci
1346 2662 1453 2720 viribus
1466 2664 1635 2721 vindicanda
1652 2664 1717 2731 siut,
1736 2681 1785 2721 scu
1803 2665 1910 2720 caduce
1927 2663 1966 2720 sit

525 2767 570 2808 res
590 2750 636 2806 vel
660 2749 717 2806 elio
741 2749 827 2806 titulo
848 2749 952 2806 fiscalis
969 2750 1015 2806 vel
1039 2748 1068 2804 in
1086 2765 1200 2805 cauam
1217 2749 1318 2806 caduci
1336 2749 1478 2816 ceciderit,
1497 2749 1576 2807 cuius
1593 2751 1634 2809 rei
1652 2749 1845 2823 cognitionem
1862 2749 1968 2806 iudicio

526 2835 580 2891 riri
601 2835 727 2893 inlustris
748 2836 906 2909 p(raefecti)
928 2835 1092 2907 p(raeton')o
1114 2835 1279 2908 specialiter
1302 2838 1476 2909 delegamus,
1497 2836 1582 2893 buius
1605 2838 1679 2894 bona
1701 2856 1734 2894 ex
1753 2839 1838 2908 parte
1855 2836 1968 2906 quidem

527 2921 615 2980 tertia
633 2921 827 2995 praetorianae
846 2925 1039 2994 praefecturae
1057 2941 1149 2989 arcae,
1167 2942 1200 2979 er
1219 2924 1310 2980 altera
1330 2941 1394 2979 vero
1412 2923 1497 2980 tertia
1514 2923 1601 2979 sacris
1618 2922 1829 2997 largitionibus,
1849 2940 1883 2978 ex
1900 2921 1965 2979 resi-
1994 2934 2019 2974 aa

527 3010 584 3067 dua
601 3010 741 3081 portione,
759 3010 858 3068 cadem
879 3011 1057 3082 praefectura
1074 3009 1274 3077 distribuente,
1293 3011 1406 3082 privato
1424 3009 1605 3066 vindicabun·
1777 3027 1846 3067 ress.

494 3098 576 3153 ttnr
593 3098 708 3154 aerario.
806 3098 895 3166 llPari
912 3099 1001 3154 forma
1017 3115 1061 3154 res
1078 3097 1165 3154 etiarn
1183 3097 1281 3153 civiles
1298 3102 1328 3155 et
1344 3098 1381 3154 ad
1398 3097 1443 3152 ius
1460 3095 1606 3168 publicum
1668 3098 1759 3166 {trecis

526 3183 699 3254 pertinentes
725 3186 761 3241 ab
789 3184 864 3241 omni
891 3183 1029 3256 petitione
1051 3183 1217 3242 muniendas
1238 3202 1298 3242 esso
1322 3201 1478 3249 censemus,
1497 3181 1606 3240 scilicet

527 3288 578 3327 nec
607 3272 784 3344 pragmatica
813 3271 935 3328 iussione
967 3271 1047 3328 *nec*
1079 3289 1159 3328 sacra
1187 3271 1371 3328 adnotatione
1404 3271 1448 3328 vel
1478 3269 1606 3341 quolibet
1677 3270 1748 3326 *vel*

527 3357 639 3414 oraculo
670 3357 765 3414 divino
793 3358 868 3415 *vel*
895 3356 1091 3424 mandatis,si
1112 3357 1187 3413 *cui*
1207 3362 1305 3414 contra
1330 3358 1405 3414 hanc
1433 3356 1606 3414 sanctionem
1677 3356 1752 3412 *sen*
1785 3355 1791 3426 1
1824 3355 1907 3426 *qna*
1992 3367 2018 3405 ω

528 3447 652 3499 noemam
669 3444 756 3501 luerit
774 3443 980 3515 *impetratum
998 3443 1165 3514 quicquam*
1184 3443 1291 3500 roboris
1312 3445 1417 3501 habere
1435 3442 1596 3513 valiturisn
1626 3461 1633 3476 ·
1677 3444 1826 3513 *impensis
1843 3444 1922 3511 quod·

494 3534 511 3588 6
527 3529 557 3586 Si
575 3529 638 3601 quis
655 3533 749 3586 antem
770 3531 815 3586 vel
832 3529 941 3599 aliquid
959 3534 1058 3587 contra
1074 3530 1157 3585 huius
1175 3530 1379 3588 sacratissimae
1398 3528 1607 3588 constitutionis
1692 3512 1818 3580 ⁰⁰¹⁰q¹¹⁸⁴
1848 3513 1853 3580 l
1888 3514 1968 3582 nfins't

529 3619 653 3673 tenorem
673 3617 756 3672 nobis
778 3616 928 3673 crediderit
952 3616 1157 3688 suggerendum
1180 3618 1224 3674 vel
1247 3635 1297 3687 pro
1321 3635 1368 3683 eo,
1392 3616 1441 3687 qni
1459 3616 1654 3674 dissimulatae
1671 3616 1755 3673 hnius
1772 3616 1844 3688 legis
1862 3634 1968 3688 poenae

529 3719 558 3759 se
577 3702 726 3757 obnoxium
743 3702 852 3771 lecerit,
870 3701 1037 3760 intervenire
1055 3702 1246 3773 temptaverit,
1265 3702 1465 3773 inplacabilem
1483 3706 1544 3759 tam
1556 3720 1692 3775 supernae
1710 3701 1867 3759 maiestatis
1884 3720 1969 3772 quam

528 3789 617 3847 nostri
637 3788 760 3845 numinis
781 3788 904 3846 incurret
927 3789 1073 3845 offensam:
1095 3788 1208 3845 scituris
1229 3790 1358 3846 omnibus
1382 3792 1412 3847 et
1434 3788 1597 3862 suppliciis,
1625 3807 1697 3860 qnae
1715 3793 1813 3845 contra
1829 3787 1969 3846 delatores
1994 3796 2020 3839 ⁴⁸

527 3876 714 3949 promulgatis
737 3876 794 3932 iam
812 3876 1061 3933 constitutionibus
1083 3876 1212 3933 ordinata
1235 3879 1312 3942 sunt,
1333 3876 1406 3932 nihil
1429 3895 1480 3949 per
1502 3877 1576 3933 hanc
1598 3876 1693 3948 legem
1716 3893 1775 3932 esse
1799 3875 1913 3946 penitus
1930 3875 1970 3931 in·

495 3963 676 4029 lminutum,
694 3962 769 4020 Zoile
787 3964 908 4034 plarens)
925 3962 1093 4032 klarissime)
1111 3964 1219 4034 a(tqnel
1237 3962 1458 4033 amantissime).
1522 3961 1650 4019 Inlustris
1667 3960 1757 4034 igitur
1774 3963 1804 4017 et
1820 3960 1970 4033 magnifice

530 4050 686 4107 auctoritas
703 4054 755 4107 tna
772 4048 873 4107 edictis
890 4068 941 4121 per
958 4067 1053 4105 ornnes
1070 4050 1153 4106 urbes
1170 4048 1289 4122 imperio
1305 4053 1400 4108 nostro
1418 4050 1560 4107 subiectas
1577 4047 1706 4106 sollemni
1723 4063 1798 4103 more
1817 4046 1970 4117 propositis

529 4137 667 4194 neminem
684 4155 804 4209 prorsus,
823 4154 896 4207 quae
914 4135 1065 4193 salubriter
1082 4155 1133 4208 pro
1151 4137 1273 4193 hnmano
1291 4156 1392 4209 genere
1411 4137 1564 4203 sanximus,
1582 4136 1672 4192 latere
1690 4132 1833 4190 concedat.
1869 4149 1930 4188 nar.
1949 4150 1969 4187 x

529 4240 592 4280 ua
610 4240 670 4280 m.
689 4240 937 4281 corsrsrrmoeom
954 4226 1124 4293 rneou(os10)
1142 4241 1169 4279 n.
1188 4242 1260 4280 xvrn
1277 4241 1351 4280 cons.
1995 4232 2021 4272 Μ

532 4367 942 4378 —a—--——-—-—-——-

616 4476 640 4523 Γ
653 4471 705 4537 (ed.
717 4472 801 4540 primi
818 4472 985 4526 amdam
1002 4482 1026 4527 et
1043 4472 1219 4541 amadutius).
1238 4499 1270 4512 -·
1288 4474 1496 4539 lucrosae

530 4608 566 4663 lo
583 4608 630 4678 eit]
647 4612 743 4663 sedet·
824 4607 860 4663 12
877 4620 990 4665 ceterum
1008 4630 1034 4665 u.
1053 4612 1191 4665 obseruare
1204 4616 1227 4662 1·
1326 4610 1772 4681 eleim1mrardirsim,siusnan
1785 4614 1808 4660 Γ
1873 4605 1909 4661 82
1926 4603 1969 4745 sill

581 4678 617 4733 1⁸
634 4680 779 4733 oblataml'
871 4678 906 4733 14
923 4682 1122 4735 tramactionem
1136 4687 1159 4732 Γ
1274 4684 1356 4735 ssdl'
1436 4681 1474 4737 88
1490 4678 1593 4748 fiscalis]
1610 4680 1678 4745 edd,
1696 4679 1820 4733 nscdsr
1884 4678 1959 4730 cuins

530 4746 566 4804 ¹⁵
584 4755 624 4802 αἱ
640 4746 741 4833 dcl-,Pl
792 4754 1002 4804 mummia?
1067 4749 1103 4803 ¹⁶
1120 4768 1223 4821 rspon-
1275 4770 1318 4821 cui
1331 4774 1354 4818 n
1418 4769 1539 4821 suasorem
1552 4772 1575 4818 r
1674 4761 1711 4820 aa
1728 4762 1789 4836 ppo]
1806 4750 1902 4835 piiss

528 4822 628 4902 ms,
686 4816 729 4902 ml
747 4820 827 4871 ΜΓ
916 4817 951 4873 ¹9
968 4828 1106 4873 ”nm
1119 4825 1142 4871 Γ
1276 4835 1314 4891 bd
1331 4840 1554 4905 praefecturam?
1618 4833 1656 4889 86
1691 4837 1813 4890 rinstnr
1881 4831 1916 4887 87
1935 4834 1970 4885 cl·

529 4883 681 4972 filesta
699 4887 821 4973 alsa,
865 4886 902 4943 22
920 4886 961 4973 ορ]
974 4894 1067 4973 tuoe
1079 4890 1142 4968 12¹3}
1276 4905 1352 4974 urie]
1366 4907 1440 4971 aa,
1456 4915 1482 4960 e
1497 4906 1563 4959 uns
1576 4910 1600 4957 r
1723 4907 1907 4975 mensumn

529 4962 693 5041 pomnen
740 4955 896 5040 samque]
914 4976 955 5042 πμ
972 4977 1017 5043 qm
1030 4964 1052 5008 P
1099 4963 1228 5024 cums
1276 4974 1314 5030 eo
1330 4978 1454 5029 nunrsr
1514 4972 1565 5042 eur]
1583 4975 1659 5027 sesa.
1675 4977 1739 5043 quse
1805 4971 1840 5027 41
1859 4974 1969 5041 nane

580 5023 683 5110 ΨῘΝΙ]
701 5032 803 5081 ‘mus
879 5025 916 5082 2⁶
933 5036 1079 5111 ¹⁰9³th
1090 5027 1155 5111 ΙΨ·
1276 5052 1365 5099 taml'
1429 5042 1466 5099 45
1483 5046 1627 5097 nominisl'
1682 5046 1829 5097 cffisaaml'
1876 5050 1903 5095 et
1919 5041 1969 5094 dcl.

529 5112 640 5148 nomime
653 5101 676 5145 Γ
770 5093 805 5149 27
824 5105 980 5150 temeratetss
994 5102 1016 5146 Γ
1081 5114 1126 5162 qus
1144 5115 1192 5149 ons.
1206 5102 1229 5146 Γ
1311 5111 1394 5178 49550
1411 5112 1968 5180 mx(¹11m[00„2·)k‚mj‚oem

580 5162 662 5232 81128
680 5166 864 5235 excipiendas
933 5164 1016 5232 28129
1033 5168 1193 5219 astruxerint
1207 5172 1229 5215 Γ
1249 5146 1253 5215 l
1278 5187 1313 5238 gh·
1327 5203 1349 5236 a·
1359 5185 1424 5235 χῶ
1435 5184 1495 5249 (ἐπ’,
1506 5193 1531 5236 02
1540 5184 1627 5237 albino
1635 5185 1697 5235 [mg
1706 5112 1820 5250 damn
1830 5198 1897 5234 0011&
1909 5181 1970 5233 ιίρη·
