4959 6134
514 566 694 629 uuonan.
711 566 748 627 vr
1211 566 1271 638 164
1343 574 1390 626 nu
1407 562 1742 627 sanonnotustmvs
1758 562 1827 624 tm
1844 548 1964 623 umus

516 745 662 816 cupientes
681 744 836 815 demigrare
862 745 1001 810 volumus,
1025 761 1082 799 non
1103 746 1230 810 coactas,
1254 743 1278 797 si
1301 760 1358 812 qua
1379 745 1527 814 parentum
1545 743 1618 799 odiis
1636 742 1771 815 ablegata
1789 740 1968 813 propositum

514 833 667 889 servandae
690 830 865 903 virginitatis
889 831 1022 895 induerit,
1044 848 1117 901 qnae
1141 848 1158 885 a
1180 831 1297 886 fratrum
1324 829 1461 886 consortio
1484 829 1647 900 parricidali
1672 829 1876 899 quodammodo
1903 832 1967 884 arte

516 919 701 983 subtrahitur,
720 936 756 974 ne
774 922 825 974 aut
843 918 962 988 copulae
981 917 1118 973 tradenda
1134 915 1262 972 maritali
1274 914 1364 987 petris
1375 916 1509 972 matrisve
1522 934 1645 989 congma
1659 917 1794 989 largitate
1806 920 1857 973 aut
1869 933 1966 971 eorum

516 1006 709 1062 decedentium
738 1023 829 1074 aequa
853 1023 915 1060 cum
936 1004 1054 1073 reliquis
1077 1003 1144 1058 tiliis
1166 1003 1339 1059 successione
1363 1002 1504 1073 potiatur,
1527 1007 1676 1074 parentum
1693 1001 1856 1060 obeuntium
1873 1005 1965 1057 morte
1992 1016 2017 1056 ιι

517 1093 574 1148 iam
593 1092 684 1147 libera
708 1092 826 1146 necdum
845 1089 1034 1160 quadraginta
1052 1106 1147 1154 annos,
1166 1089 1268 1159 quibus
1286 1089 1374 1145 velari
1391 1089 1562 1159 nequiverit,
1585 1089 1690 1145 aetatis
1707 1106 1818 1161 egressa
1833 1085 1967 1151 nubendi,

516 1191 550 1235 ex
576 1197 632 1249 quo
658 1195 724 1233 suae
751 1177 903 1247 potestatis
929 1195 988 1233 esse
1015 1175 1072 1232 iam
1100 1174 1239 1246 coeperit,
1267 1174 1412 1232 licentiam
1433 1174 1575 1231 sortiatur.
1612 1176 1711 1246 Neque
1733 1174 1806 1231 enim
1825 1172 1967 1244 sacrilega
2070 1201 2079 1220 a

515 1264 666 1321 iudicanda
684 1268 735 1328 est,
753 1282 826 1335 quae
843 1282 873 1320 se
890 1263 944 1319 hoo
968 1266 1034 1319 ante
1056 1260 1178 1317 noluisse
1203 1263 1254 1316 aut
1273 1265 1347 1319 certe
1365 1278 1420 1317 non
1443 1279 1524 1333 posse
1543 1262 1674 1333 conplere
1691 1260 1821 1332 adpetita
1839 1258 1967 1330 coniugii

515 1353 664 1408 honestate
691 1351 858 1422 prodiderit,
890 1369 952 1406 enm
978 1349 1155 1405 Christianae
1180 1347 1328 1418 religionis
1355 1348 1499 1404 institutio
1526 1351 1612 1418 atque
1636 1346 1764 1404 doctrina
1786 1346 1888 1403 melius
1906 1362 1967 1401 esse

518 1438 657 1494 censuerit
686 1437 809 1510 virgines
835 1436 939 1493 nubere
964 1454 1048 1506 quam
1076 1433 1265 1506 inpatientiae
1294 1435 1391 1490 ardore
1417 1432 1541 1490 naturali
1568 1435 1709 1505 professae
1733 1432 1889 1504 pudicitiae
1911 1450 1969 1487 non
1994 1450 2022 1489 so

517 1543 627 1581 servare
645 1524 787 1581 virtutem.
832 1524 900 1580 (lum
924 1523 1020 1593 itaque
1045 1522 1075 1575 in
1099 1520 1309 1576 matrimonium
1331 1520 1446 1591 nuptias
1469 1524 1566 1577 secuta
1589 1519 1764 1587 convenerit,
1786 1518 1969 1575 exheredatio

517 1612 562 1667 illi
585 1613 620 1668 ob
644 1611 698 1667 hoc
725 1629 743 1666 a
768 1610 934 1682 parentibus
957 1607 1071 1664 veniens
1098 1611 1149 1663 aut
1175 1607 1237 1663 sola
1260 1606 1402 1662 Falcidiae
1426 1607 1573 1677 quantitas
1594 1607 1695 1664 relicta
1712 1624 1768 1663 non
1785 1607 1899 1671 noceat,
1918 1603 1969 1659 sed

517 1696 631 1768 scriptis
658 1695 808 1752 heredibus
836 1696 882 1751 vel
908 1696 965 1751 suis
992 1694 1023 1750 in
1049 1694 1159 1750 virilem
1187 1693 1345 1765 portionem
1371 1694 1416 1749 vel
1441 1694 1582 1751 extraneis
1603 1694 1632 1750 iu
1656 1692 1802 1749 dimidiam
1821 1694 1969 1760 tamqnam

518 1782 674 1855 praeterita
695 1783 847 1838 secundum
868 1799 993 1836 normam
1017 1780 1120 1836 veteris
1148 1779 1217 1834 iuris
1240 1780 1393 1834 adcrescat.
1434 1779 1526 1852 Digna
1550 1779 1689 1851 siquidem
1713 1780 1767 1835 tali
1788 1784 1915 1853 praemio
1938 1784 1970 1837 et

518 1869 693 1925 successione
712 1868 849 1924 censenda
867 1870 918 1933 est,
937 1884 1010 1936 quae
1028 1864 1250 1937 procreationem
1276 1864 1426 1921 liberorum
1450 1867 1575 1936 professa
1597 1867 1815 1938 generositatem
1840 1872 1969 1930 familiae
1996 1888 2022 1927 se

488 1957 506 2010 4
525 1973 591 2011 suae
610 1956 647 2011 ab
665 1954 782 2011 interitu
800 1952 904 2010 nititur
922 1953 1071 2008 vindicare.
1142 1950 1203 2007 Illis
1220 1954 1329 2016 autem,
1349 1969 1421 2021 quae
1439 1957 1593 2023 spontaneo
1611 1954 1805 2026 laudabilique
1823 1958 1971 2030 proposito

518 2040 720 2096 sanctimoniae
738 2039 945 2095 observantiam
965 2037 1139 2111 virginitatis
1156 2056 1253 2094 amore
1271 2037 1454 2108 susceperint,
1472 2037 1501 2092 in
1513 2042 1626 2095 tantum
1643 2041 1776 2109 favemus,
1795 2048 1835 2111 ut,
1853 2044 1879 2100 si
1896 2045 1970 2103 forte

518 2128 637 2199 profana
656 2125 799 2197 cupiditas
818 2125 1001 2197 inproborum
1020 2126 1151 2180 devotam
1169 2125 1220 2181 deo
1239 2129 1361 2180 mentem
1379 2142 1430 2195 per
1447 2123 1551 2180 crimen
1573 2129 1672 2197 raptus
1690 2126 1796 2186 violare
1813 2134 1972 2202 temptave-

518 2215 565 2280 rit,
583 2232 638 2270 non
661 2214 751 2269 solum
775 2212 913 2268 divalium
938 2211 1154 2268 constitutorum
1180 2211 1230 2281 qui
1253 2210 1284 2266 id
1309 2209 1454 2267 admiserit
1471 2211 1618 2269 subiaceat
1634 2213 1749 2281 ultioni,
1769 2233 1865 2271 verum
1883 2216 1972 2273 etiam

519 2299 671 2356 cuiuslibet
697 2298 871 2354 accusationi
900 2299 1034 2354 reddatur
1060 2297 1212 2363 obnoxius,
1240 2296 1284 2353 ita
1309 2299 1354 2360 ut,
1376 2296 1426 2366 qui
1448 2297 1589 2367 pollutum
1606 2302 1688 2355 tanto
1705 2301 1809 2359 scelere
1830 2302 1972 2360 hominem
1999 2319 2026 2359 vo

519 2386 601 2441 rebus
628 2385 756 2455 probatis
779 2390 844 2457 post
870 2386 941 2442 haec
966 2385 1122 2442 constituta
1146 2386 1311 2457 perculerit,
1336 2387 1446 2442 addicti
1469 2405 1553 2443 censu
1570 2386 1811 2458 facultatibusque
1833 2386 1972 2458 potiatur,

521 2471 601 2535 Quod
617 2489 667 2527 nos
685 2489 772 2541 usque
791 2472 860 2527 adeo
879 2489 896 2526 a
914 2472 1054 2544 religiosis
1071 2473 1183 2528 feminis
1203 2474 1331 2529 iubemus
1349 2474 1446 2539 arceri,
1465 2476 1498 2528 ut
1515 2472 1610 2540 etiam,
1629 2473 1653 2528 si
1671 2473 1734 2543 quis
1751 2472 1844 2530 simile
1861 2474 1973 2544 aliquid

486 2565 502 2617 5
520 2557 550 2612 in
568 2574 743 2626 quacumque
762 2559 959 2628 temptaverit,
977 2559 1040 2629 pari
1058 2577 1087 2615 se
1104 2559 1215 2616 noverit
1234 2559 1375 2631 supplicio
1393 2577 1452 2616 esse
1470 2559 1633 2617 feriendum
1729 2559 1886 2615 Viduarum
1903 2577 1973 2615 sane

521 2642 760 2699 obstinationibus
778 2660 979 2714 permovemur,
998 2663 1071 2714 quae
1089 2645 1169 2700 nulla
1190 2646 1269 2716 prole
1289 2651 1421 2717 suscepta
1438 2645 1641 2702 fecunditatem
1658 2664 1738 2702 suam
1754 2645 1975 2716 reparationem·

523 2747 578 2797 que
596 2727 723 2784 familiae
742 2729 893 2799 repudiata
911 2730 1035 2802 coniugii
1053 2731 1204 2787 iteratione
1223 2732 1408 2788 condemnant
1425 2735 1455 2788 et
1466 2731 1623 2788 solitariam
1640 2732 1727 2787 vitam
1739 2748 1796 2788 non
1808 2749 1842 2789 eo
1853 2732 1975 2804 eligunt,
2002 2748 2028 2788 tv

522 2818 556 2869 ut
573 2814 730 2885 pudicitiae
747 2813 893 2886 religionis
911 2834 1004 2872 amore
1025 2817 1209 2883 famulentur,
1229 2816 1278 2872 sed
1298 2816 1443 2887 potentiae
1466 2816 1604 2872 ambitum
1626 2816 1758 2873 orbitatis
1775 2834 1844 2873 suae
1861 2816 1977 2873 casibus

523 2900 728 2971 viduitatisque
746 2904 895 2971 captantes
912 2902 1049 2958 lascivam
1070 2901 1182 2959 vivendi
1202 2902 1314 2973 eligtmt
1334 2902 1508 2959 libertatem:
1532 2901 1635 2973 quibus
1657 2902 1695 2957 ad
1712 2919 1823 2958 omnem
1839 2900 1977 2959 licentiae

523 3006 603 3042 usum
628 2992 679 3043 aut
700 2987 917 3044 sollicitantium
939 2988 1006 3045 ficta
1031 2988 1131 3060 religio
1157 3006 1340 3060 personarum
1360 2993 1410 3044 ant
1427 2990 1507 3045 favor
1526 2989 1623 3044 callidi
1642 2979 1797 3059 captatoris
1815 2988 1978 3059 adplaudit.

523 3075 582 3130 Has
601 3076 638 3130 ad
656 3074 825 3131 honestioris
847 3075 924 3131 vitae
943 3077 1086 3133 tramitem
1111 3076 1204 3146 prisea
1228 3074 1413 3146 dispositione
1437 3080 1601 3132 revocantes
1618 3073 1786 3132 aeternabili
1804 3075 1868 3147 lege
1885 3074 1978 3131 sanci-

523 3180 593 3226 mus,
614 3164 646 3216 ut
665 3161 793 3216 maritali
812 3162 893 3218 obitu
912 3162 1050 3219 destituta
1067 3162 1167 3217 mulier
1184 3160 1410 3233 quadragenaria
1430 3162 1534 3227 minor,
1557 3161 1645 3217 donec
1666 3178 1813 3233 procreare
1831 3178 1882 3232 per
1900 3164 1979 3218 aeta·
2005 3176 2032 3216 so

524 3251 583 3303 tem
602 3246 707 3304 liberos
725 3253 828 3319 potest,
847 3248 922 3304 intra
940 3247 1159 3317 quinquennium
1177 3248 1276 3304 nubat.
1312 3246 1363 3302 cui
1388 3247 1492 3303 idcirco
1515 3246 1653 3303 currentis
1675 3246 1758 3303 lustri
1780 3247 1918 3319 largimur
1935 3246 1979 3303 in·

524 3385 744 3454 etquattuor
800 3389 952 3455 abligatal',
971 3390 1086 3455 obligata
1100 3388 1176 3440 ΨΘΩ
1278 3404 1466 3454 quamcumque
1479 3385 1505 3439 Ω
1567 3383 1605 3441 54
1622 3389 1980 3455 quserpsaovaacrsln'ao

528 3459 701 3524 praepositum
712 3457 771 3509 052¹
830 3456 867 3510 88
885 3454 1001 3524 tremum]
1015 3461 1116 3509 fruml'
1163 3471 1226 3520 qua·
1278 3460 1360 3508 om.l'
1426 3459 1611 3510 facunditatem
1624 3457 1661 3509 41ι
1728 3457 1947 3526 suam]qunm1'

524 3528 583 3578 dam
602 3528 677 3577 modo
689 3527 719 3589 Θ,
737 3528 865 3592 quamodo
877 3529 907 3576 Ψ
999 3524 1036 3578 84
1054 3521 1224 3591 subtrahitur]
1278 3521 1361 3592 54le
1378 3529 1564 3593 reparationem
1575 3526 1674 3594 Regino
1742 3527 1779 3581 55
1796 3528 1982 3596 repudiatas·

525 3594 643 3660 cob(con·
659 3596 870 3655 ¹1¹)trahiturfflti
939 3595 1063 3646 hallands
1077 3596 1157 3645 ΨΘΩι
1170 3593 1224 3645 (tsi.
1313 3597 1464 3647 solitarial'
1513 3593 1801 3665 bisbbeoeliguntut]
1814 3596 1980 3649 ramata

526 3665 589 3715 cdl
694 3664 863 3716 maritalisll⁸
967 3665 1055 3715 matris
1073 3665 1116 3716 uel
1131 3663 1225 3724 ΨθΩῦ,
1278 3661 1327 3727 (cri
1337 3663 1981 3732 essem),colligunturvtsawttedaeollt-

524 3734 658 3785 matrinae
723 3734 825 3798 largitio
836 3733 889 3795 52¹,
906 3732 1043 3797 largitione
1055 3734 1091 3782 52²
1104 3734 1158 3785 Chi.
1166 3732 1225 3783 aar
1277 3742 1344 3799 gunt
1355 3743 1385 3785 ut
1395 3733 1431 3784 Ω*
1440 3734 1508 3786 Pt'tlr.
1516 3735 1565 3799 (cd
1576 3734 1727 3799 culmus
1737 3735 1870 3802 colligitur
1878 3734 1982 3803 Regino

576 3800 613 3854 85
633 3799 704 3867 cum]
723 3804 804 3853 cons
888 3798 978 3865 morte]
998 3801 1126 3865 1115(αά
1137 3801 1223 3852 Ouios.
1312 3800 1350 3855 58
1367 3804 1506 3870 pudicitiae
1522 3805 1655 3871 religionis
1675 3804 1982 3873 acriminrumeligionis

527 3869 591 3938 F'),
608 3878 716 3922 mortem
735 3871 795 3921 libri
881 3867 918 3922 88
938 3870 1066 3921 uelarsll¹
1136 3870 1226 3935 neqni-
1280 3868 1426 3937 (relegionis
1441 3877 1473 3934 Γ,
1495 3874 1614 3940 religioni
1627 3872 1674 3937 2²)
1695 3874 1923 3942 pudicitiaelibn',
1939 3890 1982 3927 re·

527 3942 686 4012 ueritates?
746 3934 782 3990 88
800 3935 924 4005 adpetita]
942 3937 1030 4000 Seeck,
1046 3940 1153 4004 adpetiti
1167 3938 1227 3989 libri
1278 3939 1382 4005 ligionis
1400 3957 1432 3992 sc
1448 3940 1699 4009 pudicitiaequno
1755 3943 1979 3996 temulentnron.

579 4008 617 4061 88
635 4008 789 4088 honestitate
804 4006 877 4056 ΨΘΩ
940 4006 1096 4090 christianae
1114 4023 1134 4088 r:
1153 4009 1226 4058 insti·
1278 4006 1375 4074 Regino
1445 4008 1585 4077 potentiae]
1601 4011 1681 4075 ΨΘΩ,
1700 4013 1817 4078 potencie
1835 4028 1882 4065 sue
1895 4015 1918 4062 Γ

526 4074 667 4209 ‘sitierit‘
683 4076 889 4212 145ῑῖ1118
908 4073 1227 4212 18ῗέἒεὶιέΨῖῗὲῗῖ
1278 4078 1983 4220 tttttrnllatltlhttnltttera,

527 4210 651 4337 ἱδεῖττον
673 4210 728 4281 γάρ
747 4210 821 4263 ἐστιν
838 4211 964 4280 γαμῆσαι
981 4208 1001 4277 ἢ
1017 4212 1173 4277 superiobus
1278 4214 1338 4264 tatis
1352 4217 1375 4262 Γ
1440 4217 1563 4269 lasciuiae
1577 4219 1635 4280 ΨΘ,
1654 4218 1832 4287 lasciuiaeque
1846 4218 1945 4286 Regino

583 4282 746 4333 consueuerit
760 4285 789 4331 Ψ
856 4278 890 4333 41
909 4281 1091 4332 exhereditatio
1106 4280 1181 4329 ΨΘΩ
1279 4281 1407 4350 licentiae]
1421 4283 1512 4335 81811ι
1524 4302 1581 4337 cum
1592 4284 1731 4353 Bagistana,
1750 4288 1885 4352 licenc(asl
1895 4288 1983 4353 -t)lsm

527 4348 802 4417 suppressuras
868 4346 986 4414 ueniens}
1002 4352 1028 4408 Γ,
1046 4350 1185 4399 uehemens
1200 4351 1230 4398 Ψ
1280 4350 1466 4403 radoardi
1551 4352 1588 4408 58
1605 4372 1672 4422 pers.
1691 4360 1759 4409 iacta
1777 4356 1983 4425 religioBcgisrc

528 4418 710 4472 onerarat
762 4414 1063 4484 sohtatctdise]r‚sols
1076 4416 1227 4477 transisset,
1315 4420 1389 4470 fauor
1406 4422 1493 4472 callidi
1511 4426 1649 4490 captatoris
1666 4423 1811 4494 adplaudit]
1822 4427 1984 4493 sarpam

529 4490 585 4542 sola
603 4489 715 4540 tallatise
728 4488 758 4551 Θ,
777 4488 883 4539 solatiae
897 4490 927 4537 Ψ
994 4485 1146 4551 quantitatis
1160 4488 1189 4534 Ψ
1280 4486 1367 4537 fauore
1379 4488 1465 4540 callidi
1475 4489 1562 4549 (calidi
1573 4491 1605 4559 Θ)
1617 4503 1762 4561 captatores
1774 4496 1916 4564 adplaudet
1928 4497 1983 4561 (ad-

528 4555 565 4610 48
585 4554 649 4623 suis]
668 4558 694 4607 in
714 4557 799 4608 soter
864 4563 988 4607 extranea
1006 4557 1033 4603 in
1051 4554 1192 4604 dimidiat*
1280 4554 1373 4621 plaude
1388 4557 1432 4620 52¹,
1459 4560 1668 4626 adplaudunt-ll¹
1686 4580 1743 4614 eam
1761 4564 1907 4633 Reginons,
1936 4567 1984 4618 ad·

529 4624 566 4679 44
585 4629 721 4677 normurl'
775 4623 1046 4690 rigoialensem
1115 4617 1153 4672 45
1171 4637 1228 4671 sno·
1281 4622 1373 4674 blande
1384 4624 1485 4677 caraea
1495 4635 1517 4690 1,
1534 4631 1736 4684 adblandientur
1749 4634 1818 4686 Pin.
1828 4630 1881 4699 [od
1891 4633 1982 4687 Oresa

530 4698 670 4749 cessionem
689 4696 844 4746 censendum
857 4692 930 4741 *1¹82
1019 4692 1190 4755 generositate
1205 4690 1232 4738 Ψ
1281 4689 1349 4758 m)
1360 4693 1420 4743 libri
1432 4705 1457 4745 et
1467 4698 1524 4749 edd.
1594 4696 1631 4752 58
1648 4704 1845 4754 onestiores¹l¹⁸
1897 4707 1986 4771 prisca

531 4767 588 4817 052¹
659 4760 696 4814 48
714 4764 844 4814 interitum
860 4762 930 4811 ΨΘΩ
1001 4761 1097 4809 nitatur
1111 4760 1160 4807 ΨΘ
1281 4760 1305 4809 d.
1318 4777 1336 4809 r.
1351 4763 1594 4832 aeternalitater,
1606 4770 1984 4841 aeternalillchiaedvlege]

530 4834 658 4886 uindicari
672 4836 694 4880 Γ
767 4830 801 4882 st
822 4830 1027 4882 obseruancial'
1089 4826 1230 4877 suaserit
1282 4839 1432 4882 reuocantes
1445 4832 1550 4899 Regino,
1569 4854 1616 4887 om.
1631 4839 1679 4888 ΨΘ
1757 4839 1796 4894 oo
1813 4842 1931 4895 distituts
1947 4844 1983 4906 Ψ,

533 4904 607 4956 ΨΘΩ
673 4902 824 4952 tebemusr
890 4896 927 4949 48
945 4897 1072 4948 deuotel'
1138 4891 1230 4945 tui·
1281 4895 1362 4961 deleat
1374 4900 1519 4959 ·i)etitntnm
1533 4905 1595 4954 aa·
1692 4909 1827 4962 mulierem
1838 4912 1877 4961 a·

532 4974 631 5025 uultum
651 4964 859 5033 constitutorum]
876 4967 933 5018 cide
951 4965 1049 5016 Theoti.
1060 4968 1082 5024 9,
1091 4967 1122 5014 25
1186 4964 1230 5026 qui
1282 4968 1496 5034 quadragenaria]
1514 4974 1735 5040 quadragenariae
1745 4979 1791 5043 ,ρι’
1810 4981 1986 5049 qugdfqgeng.

531 5042 567 5108 id]
588 5039 702 5107 quidm
719 5039 765 5104 qni
779 5038 828 5088 ΨΘ
897 5034 935 5087 50
952 5033 1118 5086 cuilibetve
1187 5045 1229 5081 aa·
1281 5035 1335 5083 riae
1349 5036 1396 5082 ΨΘ
1448 5040 1531 5089 minor
1548 5042 1640 5108 donec]
1659 5046 1685 5095 in
1704 5047 1766 5097 ordo
1784 5065 1832 5101 neo
1847 5051 1902 5114 ΨΘ,
1921 5066 1986 5102 oum

531 5114 670 5164 cursolone
684 5111 707 5156 Γ
771 5108 906 5157 tantuml'
983 5102 1017 5155 51
1038 5096 1185 5169 perculerit]
1201 5102 1224 5147 Γ
1281 5102 1477 5170 adbucllepino
1592 5109 1674 5174 total
1693 5115 1789 5169 liberos
1807 5134 1853 5184 per
1870 5126 1985 5172 semum

533 5180 668 5249 pertulerit
682 5176 753 5227 ΨΕΩ
765 5174 882 5227 third!
999 5138 1229 5232 secularibusquel
1281 5167 1380 5234 Regino
1484 5172 1517 5225 81
1542 5179 1583 5228 cui
1608 5180 1704 5233 idcirco
1721 5220 1728 5235 ,
1808 5184 1894 5252 (lusu
1912 5190 1985 5241 dm.

535 5249 737 5303 facultatibusl'
802 5241 838 5296 52
856 5260 871 5293 a
889 5259 938 5292 om.
953 5244 975 5289 Γ
1036 5239 1166 5304 religionis
1180 5237 1230 5286 ΨΘ
1282 5240 1384 5289 nauerit
1401 5258 1448 5291 oen.
1461 5240 1559 5309 Regino
1632 5246 1666 5301 81
1686 5261 1820 5306 currentes
1834 5257 1913 5307 ²1¹0ss

585 5318 679 5369 carceri
693 5319 715 5363 Γ
779 5324 810 5365 ut
827 5309 974 5365 οιιιΛΓΘΩι
1038 5305 1234 5442 etiamgenml‘
1281 5305 1440 5372 largimnstz

586 5388 695 5441 similem
710 5383 796 5435 ΨΘΩ·
905 5376 943 5432 58
960 5392 1123 5444 quacumque
1151 5372 1229 5437 ῙΨΘ,
