4959 6134
1066 571 1100 581 -
1136 539 1203 596 XIII
1240 572 1273 584 -

955 791 982 864 Ι.
1023 791 1172 884 Sylloge
1199 790 1387 883 prImaria.

534 937 667 1008 Syllogae
684 938 839 1010 primariae
857 938 970 994 unicum
988 939 1131 1009 exemplar
1148 939 1206 996 fere
1224 940 1338 1010 plenum
1355 940 1481 996 innotuit

533 1043 581 1111 (l.)
598 1041 683 1097 55155
700 1043 848 1098 Vaticanus
866 1049 929 1097 7277
939 1066 971 1089 =
986 1048 1007 1094 Γ
1022 1042 1051 1110 (f.
1063 1042 1194 1112 23-125)
1212 1049 1321 1099 555511
1339 1043 1454 1099 ineunte
1472 1044 1500 1098 in
1519 1042 1612 1099 Gallia
1630 1045 1760 1116 scriptus.
1791 1046 1892 1103 Novel-

447 1128 538 1182 Iarum
557 1131 653 1183 textus
670 1128 829 1199 descriptus
847 1146 881 1192 ex
899 1130 1054 1199 archetypo
1072 1130 1173 1185 mutilo
1195 1131 1290 1186 deficit
1312 1135 1377 1200 post
1398 1131 1490 1200 prima
1507 1131 1593 1186 verba
1610 1131 1759 1188 Maioriani
1778 1134 1802 1187 7.
1838 1133 1891 1188 Sed

447 1214 642 1284 archetypum,
655 1231 824 1284 quamquam
837 1216 866 1270 15
879 1215 932 1270 tine
944 1215 1084 1281 mutilum,
1103 1220 1197 1271 tamen
1212 1220 1278 1287 post
1289 1217 1459 1273 Maiorianus
1477 1216 1595 1272 aliorum
1613 1216 1812 1288 imperatorum
1830 1236 1892 1275 con-

446 1298 609 1356 stitutiones
626 1301 718 1356 nullas
736 1300 867 1356 habuisse
885 1301 949 1358 inde
967 1302 1122 1374 colligitur,
1145 1303 1220 1372 quod
1243 1320 1276 1358 sx
1299 1320 1333 1358 eo
1354 1307 1468 1373 sumpta
1485 1302 1603 1358 alterius
1620 1304 1758 1376 syllegae,
1783 1305 1893 1361 scilicet

447 1386 590 1455 epitomae
607 1386 797 1452 Alariciauae,
819 1384 908 1443 torma
926 1388 1072 1459 primitiva
1093 1393 1123 1444 et
1147 1388 1211 1460 ipsa
1228 1388 1418 1445 Occidentalis
1437 1389 1548 1459 Imperii
1566 1390 1779 1447 constitutiones
1799 1392 1892 1447 nullas

447 1471 550 1528 habuit
562 1472 716 1529 Maioriano
729 1473 902 1543 posteriores
932 1474 1087 1530 Maioriano
1099 1475 1256 1545 imperante
1268 1476 1452 1547 compositum
1471 1493 1530 1530 esse
1543 1475 1615 1531 hanc
1628 1477 1756 1548 syllogeu
1769 1478 1812 1535 vel
1827 1477 1892 1535 inde

447 1563 577 1628 apparet,
589 1560 672 1629 quod,
689 1576 753 1615 oum
764 1560 892 1617 novellae
904 1560 1016 1616 Valent.
1024 1557 1060 1616 16
1072 1563 1280 1631 praescribatur
1290 1563 1335 1620 ‘ds
1347 1561 1555 1617 confirmatione
1568 1562 1663 1633 legum
1675 1561 1730 1618 1151
1742 1564 1890 1619 Theodosii

446 1644 570 1716 Augusti
587 1663 660 1715 quae
679 1647 755 1702 latae
773 1651 838 1702 sunt
856 1649 920 1717 post
937 1646 1179 1713 Theodosianum',
1197 1647 1347 1703 Maioriani
1365 1648 1493 1703 novellae
1510 1647 1618 1717 primae
1635 1649 1747 1704 rubrica
1764 1650 1804 1704 sic
1822 1650 1891 1721 legi·

447 1737 505 1787 tur:
524 1730 566 1798 (in
578 1731 727 1798 laterculo)
738 1732 782 1787 ‘de
795 1735 858 1786 ortu
874 1731 986 1802 imperii
1004 1732 1065 1797 aad,
1084 1732 1125 1798 (in
1137 1735 1281 1803 55515515)
1297 1734 1343 1790 ‘de
1361 1738 1423 1790 ortu
1436 1734 1547 1805 imperii
1561 1723 1614 1787 W?
1631 1733 1781 1789 Maioriani
1796 1736 1846 1791 AR.
1856 1767 1889 1775 -

448 1817 565 1888 Corpori
583 1817 650 1872 huic
668 1818 816 1873 Maioriani
835 1818 1049 1875 constitutiones
1073 1818 1171 1875 insunt
1196 1820 1396 1891 imperatorum
1422 1819 1519 1887 trium,
1547 1820 1763 1886 Theodos1i11.,
1787 1822 1890 1877 Valen-

447 1903 552 1960 tiniani
576 1902 637 1971 lll.,
667 1904 815 1959 Maioriani
843 1902 944 1973 ipsius;
971 1903 1144 1974 singulorum
1171 1904 1371 1974 imperatorum
1398 1905 1509 1975 legibus
1533 1905 1639 1962 indices
1664 1907 1892 1977 praemittuntur.

448 1988 551 2044 Totum
570 2006 670 2060 corpus
687 1990 724 2044 ad
742 1988 921 2045 Occidentem
938 1988 1028 2044 solum
1045 1989 1177 2060 pertinet.
1213 1990 1349 2045 Marciani
1367 1990 1456 2061 igitur
1473 1991 1650 2061 imperatoris
1666 1992 1794 2048 novellae
1812 1992 1840 2046 in
1859 2010 1892 2048 eo

446 2093 501 2131 non
513 2076 633 2132 fuerunt.
665 2076 751 2145 Quae,
768 2075 793 2130 si
811 2074 852 2130 ibi
863 2075 989 2142 fuissent,
1008 2076 1167 2146 legerentur
1179 2075 1253 2132 inter
1263 2076 1478 2132 Valentinianae
1491 2081 1520 2132 51
1533 2078 1709 2142 Maiorianus,
1727 2077 1776 2133 ubi
1789 2078 1892 2133 adsunt

446 2162 476 2216 in
494 2161 610 2216 alterius
627 2161 754 2232 syllegae
771 2160 842 2228 (scil.
855 2160 1002 2228 Breviarii)
1020 2161 1108 2215 libris.

534 2267 657 2322 Alterius
674 2264 842 2337 exemplaris
860 2266 988 2335 syllogen
1006 2268 1129 2321 nostram
1148 2266 1362 2337 complectentis
1380 2266 1514 2337 reliquias
1531 2271 1743 2337 repraesentant

534 2372 581 2438 (2.1
598 2369 705 2425 midae
717 2369 882 2425 0555515555
899 2370 1007 2425 lacerae
1020 2370 1101 2434 duae,
1113 2386 1186 2438 quae
1199 2370 1233 2424 ad
1248 2369 1320 2426 idem
1339 2374 1426 2439 atque
1438 2371 1511 2428 liber
1523 2378 1544 2423 Γ
1559 2371 1744 2442 archetypum
1761 2371 1889 2426 redeunt:

534 2476 561 2544 51
579 2476 670 2531 altera
687 2474 789 2530 incidit
806 2474 836 2529 in
855 2474 950 2529 hiatus
968 2473 1081 2536 codicis,
1099 2491 1133 2530 ex
1151 2491 1206 2542 quo
1220 2480 1241 2526 Γ
1257 2474 1413 2546 descriptus
1432 2480 1482 2544 est,
1501 2475 1574 2532 inter
1591 2494 1654 2533 nov.
1665 2477 1776 2532 Valent.
1791 2477 1845 2543 1,2
1862 2480 1892 2531 51

445 2562 501 2627 2,4
519 2579 620 2632 eosque
639 2566 771 2632 exparte
789 2562 893 2631 explet,

533 2648 563 2716 b)
580 2649 673 2705 altera
695 2654 760 2719 post
782 2647 898 2703 titulum
915 2647 1027 2704 Valent.
1041 2648 1074 2702 14
1090 2646 1134 2701 ‘de
1152 2647 1299 2703 1515111155ἱ
1317 2648 1404 2704 15151
1425 2648 1564 2703 novellam
1581 2648 1695 2704 Valent.
1712 2652 1743 2704 15
1767 2650 1810 2704 ‘de
1834 2650 1891 2703 sili·

446 2752 564 2804 quarum
582 2733 785 2791 exactionibus'
802 2734 832 2790 iu
845 2741 866 2787 Γ
881 2735 996 2805 eiusque
1014 2735 1169 2805 archetypo
1187 2734 1325 2789 omissam.

533 2840 682 2897 Praeterea
699 2840 781 2895 hulus
798 2840 925 2912 syllogne
945 2845 1077 2910 excerpta
1095 2840 1233 2910 praebent

531 2944 579 3012 (3.)
601 2944 721 3012 corporis
742 2944 902 3011 5551115155
921 2945 1133 3013 prmnaticorum
1150 2943 1241 3009 (nobis
1263 2942 1364 3011 05555.)
1383 2942 1449 2998 libri
1470 2942 1576 2998 ordinis
1603 2942 1717 2997 secundi
1735 2941 1891 2997 Vaticanus

447 3029 683 3085 Ρ515115551504
704 3036 817 3086 555511
842 3033 872 3087 51
894 3048 928 3085 ex
953 3046 986 3085 eo
1010 3028 1167 3100 descriptus
1189 3028 1425 3099 Guelferbytanus
1451 3028 1594 3083 Gudianus
1612 3029 1662 3084 105
1687 3026 1810 3083 5155155
1836 3029 1891 3083 fere

445 3114 562 3180 aetatis,
584 3116 633 3185 qui
655 3115 783 3172 novellae
807 3116 959 3172 1555120
982 3114 1133 3171 maximam
1156 3118 1278 3187 partem,
1303 3133 1365 3170 nov.
1383 3115 1518 3171 ’1115514
1536 3119 1565 3171 51
1582 3115 1616 3168 24
1638 3115 1796 3185 fragmenta
1819 3132 1891 3170 rece·

445 3206 555 3273 llfflmh

531 3288 578 3359 (4.1
602 3288 753 3343 cardinalis
771 3287 920 3345 Dcusdedit
942 3289 1058 3343 55115115
1082 3304 1217 3343 cunensem
1243 3288 1336 3354 (nobis
1354 3286 1470 3355 Deusd.)
1496 3304 1521 3341 a.
1542 3286 1607 3341 1081
1632 3285 1794 3358 diuulgata,
1819 3306 1893 3356 quae

445 3373 586 3429 novellam
605 3372 766 3429 15155117
789 3374 846 3430 fere
870 3374 982 3444 plenam
1007 3373 1129 3430 exhibet
1165 3373 1256 3428 115155
1278 3372 1453 3429 collectionis
1474 3373 1560 3429 codex
1583 3372 1693 3443 integer
1712 3376 1793 3429 extat
1810 3373 1889 3428 Vati·

446 3476 532 3515 canus
549 3458 618 3515 3883
635 3464 770 3515 saec.1111
788 3459 902 3515 ineunte
919 3460 950 3515 in
969 3458 1063 3516 Gallia
1081 3460 1209 3530 scriptus,

532 3545 578 3613 (5.1
602 3544 742 3615 epitomae
768 3545 901 3602 Monachi
930 3545 1016 3601 codex
1044 3545 1346 3614 1111111155155551736
1372 3545 1565 3612 555511111111
1595 3544 1717 3615 scriptus
1743 3546 1763 3599 1.
1782 3545 1892 3615 1571158

446 3629 551 3685 Auiani
573 3631 772 3703 subscriptioni
793 3632 940 3703 subiungit
960 3632 1134 3688 novellarum
1153 3632 1312 3687 15155116
1330 3636 1360 3687 51
1377 3633 1412 3687 24
1429 3630 1639 3701 inscriptionem
1658 3629 1890 3699 subscriptionem

445 3719 476 3772 51
493 3721 602 3773 textum
620 3717 650 3771 in
667 3718 780 3773 brevem
800 3736 935 3775 summam
953 3721 1127 3774 contractum
1145 3721 1232 3788 atque
1250 3717 1460 3789 interpolatum.

533 3820 584 3875 1151
601 3820 720 3890 denique
741 3826 807 3878 sunt
829 3823 882 3879 hoc
901 3840 1015 3894 corpore
1033 3822 1181 3878 Maioriani
1200 3827 1229 3878 et
1247 3822 1364 3878 Eurious
1382 3821 1591 3893 visigothorum
1609 3838 1657 3876 rex
1676 3824 1711 3888 (5.
1723 3819 1890 3885 eoo-485),

445 3906 495 3975 qui
520 3907 635 3962 codicem
653 3906 838 3961 mamma
855 3908 955 3965 Gothis
973 3908 1145 3966 destinatum
1169 3908 1306 3972 confecit,
1331 3912 1360 3964 et
1383 3907 1572 3964 Gundobadus
1590 3905 1821 3976 Burgundionum
1843 3922 1890 3960 rex

445 3993 482 4058 (a
492 3992 649 4060 418-516),
663 4009 746 4061 quem
757 3993 835 4063 159555
847 3993 1000 4048 &manem
1011 3994 1243 4064 Burgundionum
1261 3992 1417 4049 condidisse
1430 3992 1580 4048 verisimile
1593 3996 1643 4057 est,
1661 3997 1691 4048 51
1704 3991 1891 4047 Theodericus

446 4076 550 4132 1151155
567 4094 615 4131 rex
634 4079 671 4147 (a.
683 4078 839 4147 403-526)
858 4079 888 4133 15
906 4079 1007 4135 Edicto
1025 4098 1082 4137 suo.

535 4177 566 4231 ln
585 4179 668 4248 pleno
686 4179 738 4234 hoc
758 4197 872 4250 corpore
891 4197 908 4235 a
926 4180 1081 4237 Maioriano
1099 4181 1212 4236 condito
1231 4180 1445 4237 continebantur
1463 4182 1545 4237 haec:

683 4362 724 4427 A.
757 4361 932 4428 Theodosii
954 4363 997 4429 II.
1021 4363 1112 4449 leges
1135 4363 1283 4428 novellae
1307 4384 1335 4427 a.
1354 4367 1416 4429 448
1440 4364 1657 4429 confirmatae.

533 4496 624 4554 Indici
641 4498 842 4569 praescribitur
853 4499 883 4553 in
897 4499 958 4566 Γ(1”.
968 4499 1041 4564 2311
1061 4499 1147 4553 Teati
1164 4500 1251 4570 lepram
1269 4499 1499 4555 swrrdlurumdiei
1515 4498 1890 4568 emmeramensem).

446 4584 501 4640 851
524 4583 609 4640 huius
630 4584 732 4641 indicis
753 4602 808 4641 non
831 4589 959 4656 superest
981 4584 1036 4640 nisi
1053 4583 1166 4640 rubrica
1184 4586 1287 4656 prima,
1312 4585 1437 4654 reliquae
1460 4584 1604 4655 perierunt
1628 4602 1690 4640 cum
1712 4583 1792 4650 solio,
1815 4585 1890 4653 quod

446 4670 725 4742 manupastus.
754 4670 835 4742 Ipsae
853 4669 981 4726 rubricae
998 4675 1064 4726 sunt
1082 4671 1135 4727 hae
1152 4671 1303 4726 secundum
1321 4674 1468 4727 contextus
1485 4670 1617 4735 ordinem,
1636 4687 1719 4739 quem
1737 4670 1890 4727 Haenelius

446 4757 475 4811 in
494 4756 617 4813 editione
635 4774 686 4813 sua
703 4758 839 4814 restituit:

533 4845 556 4899 1.
591 4844 644 4899 438
661 4843 742 4900 Febr.
756 4845 789 4899 15
811 4844 844 4898 15
866 4843 1050 4900 Theudoriam
1070 4844 1173 4902 codecis
1194 4849 1358 4900 oudordute
1381 4849 1404 4897 51
1428 4842 1460 4896 15
1481 4842 1579 4912 egebas
1602 4858 1652 4912 que
1673 4843 1725 4896 1515
1744 4848 1808 4896 5551
1829 4848 1890 4910 poa

449 4927 639 4985 Theudoridae
651 4928 706 4984 dini
720 4928 851 4984 Tdcudosi
867 4933 956 5000 optasti
973 4930 1042 4998 (sic).
1073 4930 1195 4986 Rubriae
1207 4931 1278 4985 haec
1294 4932 1421 5001 superest
1432 4947 1467 4984 ex
1479 4928 1584 4992 indice;
1603 4928 1691 4999 ipsius
1703 4928 1774 4999 Iegis
1788 4927 1889 4999 princi-

447 5015 527 5087 pium
545 5014 632 5088 periit
649 5034 712 5072 cum
729 5015 798 5073 folio
816 5015 867 5072 illo
879 5016 1037 5087 deperdito;
1056 5020 1203 5087 praeterea
1220 5016 1306 5072 etiam
1325 5033 1390 5087 pars
1408 5020 1531 5072 extrema
1550 5016 1615 5071 inde
1633 5014 1891 5081 5555153113251

446 5103 620 5158 invidiarum
632 5102 807 5159 desideratur
818 5106 933 5173 propter
944 5102 1054 5157 hiatum
1066 5102 1221 5173 archetypi.
1250 5102 1327 5157 Haec
1340 5106 1383 5158 est
1399 5103 1445 5157 lex
1457 5102 1491 5158 15
1504 5101 1697 5158 Theodosiano
1710 5100 1889 5171 publicando.

533 5190 559 5244 2.
593 5189 646 5245 441
665 5188 752 5245 0511
770 5188 805 5244 de
819 5189 1020 5255 wafimmtione
1034 5188 1120 5257 159555
1136 5189 1299 5242 domnorum
1310 5188 1366 5242 diui
1381 5188 1524 5243 Theodosii
1535 5189 1584 5242 Aa
1601 5185 1767 5242 constitutio
1780 5184 1889 5241 directa

447 5276 484 5332 ad
501 5274 734 5333 Valentinianum
753 5275 892 5346 collegam
908 5274 942 5331 15
960 5275 1071 5345 legibus
1091 5276 1209 5330 novellis
1227 5275 1405 5346 publicandis
1423 5273 1530 5330 excidit
1551 5272 1580 5327 in
1599 5272 1753 5342 archetypo
1771 5271 1837 5326 libri
1858 5278 1889 5336 Γ;

447 5361 558 5419 1151515
576 5361 672 5433 explet
690 5362 813 5433 epitome
831 5360 999 5428 Alariciana,
1018 5362 1097 5416 cuius
1114 5362 1254 5417 rubricam
1272 5363 1374 5433 recepi.
1726 5367 1730 5376 '

1650 5465 1684 5517 Α*
