4959 6134
1193 625 1253 688 211
1617 620 1724 673 muux
1742 620 1944 673 ruvuouvu

607 799 642 854 do
659 798 793 856 relevatis
811 795 953 853 adnerutis
972 796 1016 851 vel
1034 793 1146 850 donatis
1164 793 1384 864 possessionibus
1405 791 1549 848 THEOD.
1562 792 1654 847 XXVI

608 886 641 941 de
658 884 782 956 repudiis
801 881 945 938 THEOD.
964 882 1017 953 XII

608 972 642 1027 de
660 969 849 1027 rescindendis
869 968 1078 1025 venditionibus
1095 967 1243 1023 fundorum
1260 966 1302 1023 rei
1319 965 1474 1022 dominicae
1496 965 1643 1021 THEOD.
1656 964 1763 1019 XVIIII

608 1144 642 1199 de
661 1141 924 1198 sanctimonialibus
943 1141 988 1197 vel
1008 1141 1099 1196 viduis
1118 1147 1147 1198 st
1165 1142 1199 1196 de
1217 1140 1439 1197 successionibus
1457 1157 1551 1196 esrum
1570 1138 1785 1195 MAIOBIAN.
1804 1138 1843 1193 VI

611 1230 645 1286 de
664 1229 838 1284 scholaribus
856 1232 886 1284 et
904 1226 1055 1283 comitibus
1068 1227 1226 1283 scholarum
1244 1232 1274 1284 et
1291 1228 1326 1283 de
1339 1226 1499 1283 domesticis
1510 1244 1604 1283 eorum
1621 1224 1767 1280 THEOD.
1779 1224 1844 1278 XXI

608 1315 643 1369 de
662 1313 785 1385 sepulcri
804 1313 989 1370 violatoribus
1005 1312 1175 1369 VALENT.
1187 1314 1281 1368 XXIII
1299 1313 1392 1369 ΒΗ

610 1402 644 1456 de
662 1400 830 1471 siliquarum
847 1398 1040 1456 exactionibus
1064 1398 1235 1454 VALENT.
1248 1398 1301 1452 XV

609 1489 643 1543 de
661 1486 762 1542 suariis
779 1486 884 1541 bom-iis
902 1489 931 1542 et
949 1484 1089 1557 pecuariis
1111 1485 1281 1541 VALENT.
1294 1486 1412 1540 XXXVI

613 1573 648 1627 de
667 1571 888 1629 successionibus
906 1571 1053 1628 curialium
1071 1571 1121 1641 qui
1139 1572 1176 1627 sd
1193 1572 1357 1628 clericatum
1375 1572 1545 1629 transierunt
1569 1570 1736 1626 VALENT.
1753 1570 1794 1624 llI

609 1746 644 1800 de
663 1744 842 1802 testamentis
862 1743 1005 1799 ΤΗΕΟΙ).
1019 1744 1084 1799 XVI
1101 1744 1158 1798 BR.
1172 1744 1254 1799 VIIII
1272 1775 1303 1785 -
1329 1744 1467 1799 VALEN
1470 1744 1498 1801 Τ.
1511 1744 1576 1799 XXI
1594 1744 1650 1798 BR.
1670 1744 1724 1798 IIII

611 1832 645 1886 de
664 1829 842 1886 testamentis
861 1830 1024 1886 clericorum
1041 1829 1235 1886 MAROIAN.
1253 1830 1349 1886 fluv

609 1918 643 1973 de
662 1916 849 1972 Theodosisni
868 1916 972 1972 codicis
989 1916 1160 1973 auctoritate
1181 1916 1351 1972 rumoni
1370 1916 1452 1972 Bul

612 2006 647 2060 de
666 2003 805 2059 tironibus
823 2007 852 2059 st
870 2004 904 2059 dc
923 2003 1144 2060 occultston‘bus
1161 2003 1332 2059 desertorum
1356 2003 1525 2059 VALENT.
1536 2003 1576 2058 VI

613 2094 647 2147 de
666 2090 783 2147 tributis
800 2090 942 2147 fiscalibus
960 2095 989 2147 et
1007 2090 1041 2146 de
1059 2108 1137 2147 sacro
1150 2089 1290 2146 auditorio
1308 2094 1339 2146 et
1356 2091 1390 2147 de
1407 2089 1525 2146 diversis
1536 2090 1660 2161 negotiis
1678 2089 1846 2147 Vnum

611 2265 645 2319 de
671 2263 792 2336 triginta
813 2281 948 2319 sonorum
969 2263 1193 2334 praescriptione
1214 2263 1344 2320 omnibus
1371 2262 1463 2317 causis
1486 2263 1653 2333 opponendo
1677 2264 1846 2320 VALENT.

713 2350 819 2405 XXVII
837 2349 893 2405 BR.
907 2350 974 2405 VIII

609 2436 643 2492 de
660 2436 801 2492 tutoribus
820 2436 967 2492 THEOD.
981 2436 1019 2490 XI
1038 2436 1133 2491 BR..V
