4959 6134
537 580 716 633 MAIORIAN.
734 579 772 632 VI
1235 577 1296 641 196
1364 578 1412 629 Da
1429 575 1764 630 saucrmortmurnvs
1782 575 1850 629 VEL
1866 575 1987 629 vmvm

538 754 639 813 turam,
657 748 769 806 scituris
787 746 891 819 puellis
908 764 942 802 ac
958 745 1122 816 parentibus
1135 746 1294 816 puellarum
1308 746 1353 802 vel
1363 745 1584 817 quibuscumque
1597 747 1728 817 nupturis
1740 747 1837 804 ambos
1847 746 1985 804 infamiae

536 836 654 894 maculis
671 835 828 899 inurendos,
845 833 894 904 qui
911 833 1015 889 fuerint
1032 833 1091 890 sine
1110 834 1175 889 dote
1193 832 1345 899 coniuncti,
1363 832 1406 888 ita
1423 837 1456 888 ut
1474 850 1525 888 nec
1543 833 1751 889 matrimonium
1772 834 1914 891 indicetur
1931 851 1985 890 nec

488 929 521 986 10
537 923 659 994 legitimi
677 941 711 977 ex
728 920 773 976 his
790 920 840 975 filii
858 924 1046 991 procreentur.
1146 920 1218 974 Sane
1236 918 1370 988 quoniam
1387 919 1561 988 quorundam
1584 920 1792 990 cupiditatibus
1809 921 1984 979 obviandum

536 1014 586 1074 ast,
605 1008 655 1078 qui
673 1026 836 1080 generorum
854 1006 1024 1064 exhauriunt
1042 1005 1194 1061 facultates
1217 1022 1252 1060 ac
1274 1004 1329 1059 sibi
1354 1004 1399 1061 vel
1421 1004 1534 1061 filiabus
1551 1006 1609 1060 suis
1628 1007 1672 1063 vel
1690 1007 1850 1063 subornatis
1867 1009 1982 1079 quibus·

536 1114 654 1165 cumque
681 1096 820 1166 personis,
847 1093 1010 1165 priusquam
1035 1084 1144 1161 aliquid
1168 1092 1203 1147 de
1230 1091 1393 1161 nuptiarum
1424 1091 1556 1161 pactione
1582 1092 1765 1159 constituant,
1794 1095 1831 1151 ab
1860 1094 1984 1152 incautis

537 1181 685 1238 iuvenibus
709 1185 738 1237 et
762 1180 851 1236 futuri
876 1179 1000 1251 coniugii
1022 1178 1159 1236 desiderio
1183 1176 1336 1235 concitatis
1362 1178 1453 1234 multa
1475 1178 1585 1235 faciunt
1606 1180 1719 1236 occulta
1740 1180 1837 1237 fraude
1855 1182 1984 1250 conferri,

536 1285 609 1337 quae
626 1271 725 1324 secuta
742 1267 933 1324 sollemnitate
950 1270 1078 1323 votorum
1095 1264 1207 1321 filiabus
1227 1265 1378 1320 refundant
1396 1267 1447 1320 ant
1464 1265 1536 1321 forte
1546 1264 1652 1322 maiore
1670 1282 1764 1322 amore
1776 1267 1910 1337 perfidiae
1926 1267 1984 1324 sibi

535 1353 699 1411 existimant
725 1353 877 1423 adquisita,
904 1352 977 1410 unde
1003 1351 1087 1407 huius
1113 1349 1210 1407 callidi
1237 1350 1388 1420 frivoliqne
1412 1349 1562 1407 commenti
1584 1350 1628 1406 ita
1649 1351 1758 1406 nullum
1776 1368 1836 1408 esse
1853 1352 1983 1409 iubemus

535 1440 676 1505 effectum,
694 1442 727 1496 ut
744 1440 882 1497 infirmato
901 1438 970 1495 talis
988 1439 1080 1494 colore
1097 1440 1260 1493 contractus
1283 1436 1327 1492 sui
1345 1436 1414 1492 iuris
1435 1441 1535 1508 postea
1558 1454 1644 1509 gener
1662 1436 1789 1495 vindicet
1806 1439 1852 1496 vel
1869 1440 1983 1497 actione

535 1528 680 1598 proposita
700 1544 813 1583 securus
833 1527 977 1597 reposcat,
999 1523 1137 1594 quidquid
1158 1541 1209 1595 per
1230 1522 1336 1578 inliciti
1358 1524 1477 1594 posthac
1503 1526 1665 1580 contractus
1683 1523 1838 1595 imaginem
1855 1525 1981 1583 alienare

486 1615 517 1670 11
537 1615 687 1685 conpulsus
704 1616 754 1669 est
836 1614 913 1670 Inter
931 1617 1026 1668 cetera
1043 1613 1222 1681 captatorum
1239 1610 1327 1666 etiam
1345 1609 1468 1665 aviditas
1490 1610 1690 1680 conprimenda
1707 1614 1763 1677 est,
1781 1612 1832 1681 qui
1848 1629 1984 1668 nonnum-

535 1718 621 1772 quam
638 1700 798 1771 iguotorum
816 1716 906 1770 paene
924 1698 1037 1754 lectulis
1056 1697 1217 1752 adsidentes
1234 1695 1343 1752 animos
1361 1695 1424 1766 ipsa
1443 1696 1591 1767 corporum
1608 1695 1787 1767 aegritudine
1798 1696 1935 1769 fatigatos
1952 1703 1984 1756 et

534 1786 642 1842 sincera
659 1785 716 1840 iam
734 1784 841 1841 iudicia
858 1801 913 1839 non
930 1784 1069 1839 habentes
1086 1782 1220 1837 simulata
1238 1781 1397 1839 adfectione
1416 1781 1581 1851 depravant,
1599 1785 1632 1838 ut
1645 1781 1773 1852 plerique
1786 1785 1983 1855 consanguini-

535 1873 604 1929 tatis
622 1875 652 1927 et
668 1870 907 1927 necessitudinum
924 1887 1036 1924 suarum
1053 1868 1213 1938 frequenter
1225 1867 1308 1922 obliti
1323 1871 1469 1924 extraneos
1479 1868 1601 1924 scribere
1614 1867 1763 1925 rideantur
1775 1869 1898 1935 heredes
1917 1889 1982 1928 cnm

534 1957 668 2013 insidiosa
686 1957 849 2012 munuscula
867 1955 1032 2027 diriguntur,
1046 1972 1109 2010 cnm
1121 1954 1309 2010 subornantur
1320 1952 1431 2022 medici,
1443 1953 1493 2022 qui
1508 1971 1597 2024 prava
1615 1956 1804 2025 persuadeant
1821 1959 1852 2012 et
1870 1957 1982 2029 neglec

533 2047 563 2100 to
590 2043 719 2100 medendi
748 2042 841 2099 studio
870 2042 939 2097 liant
964 2042 1119 2097 alienarum
1146 2040 1337 2110 cupiditatum
1362 2039 1491 2095 ministri.
1541 2039 1648 2103 Quibus
1676 2042 1804 2098 omnibus
1845 2043 1984 2100 serenitas

535 2135 632 2186 nostra
650 2128 782 2199 diligenti
806 2127 1015 2184 examinatione
1046 2126 1190 2198 perpensis
1211 2126 1266 2182 hoc
1285 2126 1427 2196 praesenti
1444 2127 1508 2198 lege
1525 2127 1663 2192 decernit,
1682 2132 1723 2192 ut,
1741 2125 1766 2183 si
1783 2128 1817 2193 is,
1835 2129 1884 2198 qni
1902 2130 1984 2185 nulla

535 2216 666 2273 testatori
684 2214 900 2287 propinquitate
918 2214 1097 2285 coniungitur
1116 2230 1207 2283 neque
1232 2232 1267 2268 ex
1290 2213 1326 2268 iis
1343 2213 1468 2284 personis
1485 2216 1542 2282 est,
1564 2213 1667 2283 quibus
1684 2214 1773 2271 etiam
1790 2216 1827 2272 ab
1845 2215 1984 2274 intestato

536 2302 636 2359 deferri
654 2321 829 2373 quocumque
846 2302 936 2373 gradu
955 2302 999 2357 vel
1018 2300 1104 2356 titulo
1122 2302 1235 2371 poterat
1253 2300 1372 2369 antiquo
1391 2299 1451 2357 iure
1470 2300 1617 2365 successio,
1634 2302 1716 2357 heres
1728 2301 1813 2358 tuterit
1824 2300 1983 2368 institutus,

535 2389 661 2460 legatum
678 2387 955 2445 fideicommissumve
972 2386 1144 2458 perceperit,
1163 2404 1197 2442 ex
1214 2385 1322 2443 relictis
1339 2386 1422 2443 rebus
1446 2391 1532 2456 atque
1551 2388 1713 2458 corporibus
1731 2387 1846 2444 tertiam
1864 2388 1983 2459 publico

534 2474 636 2531 inferat
654 2474 818 2545 portionem,
836 2476 975 2544 quatenns
992 2474 1045 2529 hoc
1063 2473 1165 2528 saltem
1183 2476 1260 2529 metu
1279 2476 1487 2530 attentatarum
1499 2472 1635 2543 iniquitas
1657 2479 1688 2531 et
1700 2477 1879 2546 captatornm
1891 2478 1984 2533 cesset

486 2562 518 2616 12
536 2561 702 2631 inprobitas.
802 2560 879 2623 Quae
897 2558 991 2615 omnia
1009 2558 1165 2615 constituta
1182 2558 1212 2613 in
1229 2560 1355 2615 futurum
1378 2577 1396 2613 a
1418 2559 1464 2616 die
1482 2559 1560 2616 latae
1578 2560 1650 2632 legis
1668 2561 1763 2617 valere
1781 2560 1982 2633 praecipimus,

536 2645 625 2701 Basili
648 2648 770 2716 ptarens)
793 2644 964 2714 lr(arissima)
986 2646 1093 2714 a(tque)
1116 2644 1340 2711 atmantissime).
1376 2645 1506 2701 Inlustris
1530 2645 1619 2717 igitur
1637 2649 1667 2703 et
1692 2647 1837 2717 praecelsa
1853 2648 1984 2719 magnili-

536 2732 631 2788 centia
656 2736 707 2788 tua
727 2730 940 2787 saluberrimam
964 2731 1135 2787 sanctionem
1158 2732 1311 2802 propositis
1333 2731 1494 2803 divulgabit
1512 2732 1626 2799 edictis,
1649 2736 1682 2789 ut
1699 2750 1794 2790 omnes
1811 2733 1985 2807 intellegant

536 2818 649 2874 remotis
675 2817 898 2890 inreligiosarum
920 2817 1057 2875 mentium
1079 2818 1225 2874 fraudibus
1246 2818 1388 2889 inpiisqne
1410 2818 1574 2874 commentis
1599 2820 1654 2875 hoc
1676 2819 1862 2877 constitutum
1885 2821 1983 2887 tuisse,

535 2906 609 2976 qnod
627 2905 816 2962 emendationi
834 2922 941 2960 morum
957 2904 1134 2974 utilitatique
1151 2905 1284 2976 publicae
1301 2907 1418 2962 reducta
1435 2906 1464 2961 in
1483 2912 1571 2963 terras
1584 2906 1613 2961 vi
1633 2924 1749 2964 avorum
1765 2907 1890 2964 omnium
1904 2908 1984 2965 socia

536 2992 645 3063 pietate
664 2993 801 3064 proficiat.
836 3009 897 3048 oar.
916 3009 957 3047 vn
975 3009 1040 3047 nn.
1058 3010 1121 3047 nov.
1140 2993 1313 3064 sartamine)
1331 3011 1357 3049 n.
1375 3011 1402 3050 a.
1420 3011 1506 3049 anons
1523 3010 1556 3048 nr
1573 3011 1728 3050 salomano
1745 3012 1793 3050 aa·
1810 3011 1900 3051 consa

623 3134 726 3184 ῙΨΘΩ.
763 3132 943 3201 Sangallensis
959 3137 981 3202 f.
995 3139 1045 3186 164
1063 3142 1123 3200 post
1144 3136 1261 3187 novellae
1285 3134 1382 3186 Valent.
1396 3135 1500 3202 35(3s)
1521 3136 1756 3201 interpretationem
1779 3144 1860 3189 tentus
1882 3136 1985 3190 abiba

535 3220 613 3271 verto
637 3220 696 3271 inde
718 3238 735 3271 c
753 3218 788 3271 90
804 3223 933 3287 utrimque
958 3238 1036 3287 usqne
1062 3222 1100 3272 nd
1123 3220 1157 3272 94
1180 3229 1358 3289 procreentur;
1382 3222 1491 3274 eandem
1514 3223 1663 3275 smtentiuus
1679 3221 1840 3291 Aegidianos
1857 3224 1984 3291 spismae

536 3306 597 3356 libri
616 3300 651 3370 (v.
671 3307 835 3372 Conspectum
854 3307 1045 3373 Subsidiorum)
1066 3308 1134 3359 bunc
1156 3308 1184 3358 in
1201 3309 1305 3359 modum
1323 3317 1482 3361 conbustum
1503 3318 1618 3362 serrum.-
1634 3307 1682 3375 ‘ut,
1700 3311 1723 3361 si
1740 3311 1806 3362 inter
1824 3312 1984 3381 coniugator

536 3410 588 3444 non
605 3394 683 3443 tuerit
700 3410 782 3457 aequa
799 3394 911 3456 donatio,
930 3411 978 3444 nec
994 3395 1183 3446 matrimonium
1202 3396 1331 3448 iudicetur
1343 3413 1390 3449 nec
1402 3397 1511 3463 legitimi
1523 3398 1570 3448 tilii
1583 3393 1764 3463 procreentur'.
1782 3424 1816 3434 -
1834 3396 1984 3450 arelao

536 3478 586 3530 PB
593 3476 777 3531 VMIENSIS
797 3480 829 3531 de
852 3480 1020 3546 modalibus
1043 3481 1127 3531 cauas
1144 3480 1206 3546 (rec.
1220 3481 1254 3533 F.
1270 3482 1302 3533 0.
1320 3482 1353 3533 A.
1367 3482 1596 3548 Wossersclslsben,
1619 3484 1725 3549 Lipsiae
1742 3483 1821 3549 1840)
1844 3484 1881 3535 ΙΙ
1901 3502 1922 3537 e.
1936 3489 1985 3537 1⁷3

536 3566 582 3616 sub
602 3564 764 3629 praescripto
785 3561 826 3617 ‘de
847 3567 935 3617 eadem
957 3584 984 3617 re
1002 3563 1107 3630 (scilieet
1124 3568 1156 3618 de
1172 3567 1278 3633 viduis).
1308 3570 1348 3619 Ex
1364 3569 1423 3636 lege
1446 3571 1562 3622 Romans
1583 3570 1745 3622 nouellsrum
1762 3570 1817 3622 diui
1834 3568 1985 3624 Maioriani¹

536 3660 617 3702 terass
629 3658 734 3715 purtem
750 3651 810 3703 inde
828 3668 846 3701 c
864 3650 899 3704 53
917 3654 1055 3704 uiduarum
1072 3670 1151 3719 usqne
1169 3655 1206 3705 nd
1224 3652 1258 3705 st
1278 3656 1406 3721 partiatur
1425 3666 1518 3708 servat.
1537 3683 1571 3692 -
1589 3655 1655 3709 Nos.
1674 3655 1763 3709 Seueri
1780 3661 1903 3723 alme:
1918 3654 1985 3711 ‘Ab-

537 3738 632 3804 rogatis
650 3737 779 3805 capitibus
796 3738 900 3790 iniustis
917 3739 982 3806 legis
999 3740 1053 3790 dini
1071 3741 1208 3791 Maioriani
1227 3742 1258 3791 Δ.
1277 3741 1310 3792 ad
1329 3742 1423 3794 locum.
1461 3743 1528 3794 illud
1550 3751 1653 3795 tautum
1674 3760 1707 3794 ex
1729 3744 1819 3795 Mem
1845 3743 1903 3811 lege
1921 3746 1984 3797 reti·

536 3831 626 3875 nentes
644 3824 713 3889 qnod
736 3830 853 3876 steteram
875 3825 963 3892 legum
985 3827 1147 3878 commendat
1174 3824 1326 3880 anctoritas’
1342 3826 1447 3894 (scilieet
1468 3838 1572 3882 nonrse
1595 3829 1657 3897 legis
1675 3828 1705 3894 §§
1720 3833 1737 3881 6
1753 3837 1778 3881 et
1795 3829 1839 3896 8).·
1859 3830 1908 3883 tt.
1926 3830 1943 3894 ἕ
1954 3834 1984 3882 a:

535 3907 576 3960 ‘ut
591 3909 657 3975 legis
675 3911 810 3975 asperitas,
834 3928 902 3978 qnae
923 3912 955 3962 ad
979 3912 1176 3979 amplitudinem
1199 3920 1272 3966 tuam
1296 3913 1362 3979 (scil.
1376 3913 1474 3982 Basili)
1497 3917 1594 3984 primae
1620 3918 1798 3983 praetectum
1819 3916 1985 3970 administra·

536 3996 605 4046 tione
623 3996 684 4047 dsta
700 4004 747 4060 est,
766 4014 810 4064 per
827 4006 853 4049 te
869 4006 984 4050 correcta
1002 4006 1081 4064 atque
1098 4002 1234 4052 emendata
1252 3998 1391 4069 uulgatur'.

536 4129 572 4183 92
590 4130 632 4200 ac]
650 4132 811 4201 utSnngntl.
894 4132 976 4199 92199
994 4138 1088 4188 ambus
1105 4139 1231 4191 insumitis
1286 4141 1373 4192 animo
1390 4142 1412 4192 si
1427 4142 1476 4190 ΨΘ
1545 4135 1610 4207 ipss]
1628 4140 1718 4208 ipsol'
1792 4140 1985 4208 aegritudinem

536 4203 643 4254 maculis
661 4204 799 4254 inurendus
812 4203 933 4271 Scripsit.
1017 4204 1054 4258 99
1071 4208 1116 4273 qui
1136 4209 1233 4260 fuerint
1288 4211 1343 4269 ΨΘ,
1361 4210 1602 4275 egrstuditudinel'
1671 4203 1727 4261 194
1744 4210 1844 4262 sincera
1862 4210 1941 4273 (ram
1955 4213 1987 4261 Ψ
2093 4243 2097 4250 -

536 4272 592 4322 sine
614 4273 673 4322 dote
690 4270 761 4337 (tem
778 4273 864 4338 ΨΘΩ)
883 4275 1022 4340 coniuncti]
1039 4278 1073 4341 cs.
1085 4275 1168 4341 Epist.
1181 4276 1230 4328 Le-
1285 4279 1318 4340 Θ)
1337 4277 1396 4343 ism]
1411 4278 1500 4342 ΨΘΩ,
1520 4278 1705 4331 sinceraleml'
1791 4273 1918 4346 plerique]
1935 4278 1985 4330 irn-

537 4341 593 4390 osu's
612 4340 634 4392 1.
653 4341 698 4390 cd'
714 4340 844 4391 Rusticum
868 4342 1063 4395 Narbonensem
1086 4346 1231 4411 episcopum
1284 4348 1348 4414 pleri
1367 4365 1400 4400 ue
1412 4349 1459 4398 ΨΘ
1550 4342 1670 4411 1941199
1687 4363 1747 4399 cum
1764 4348 1987 4415 sanguiuitstasl'

537 4406 640 4473 (Merui
656 4409 698 4458 VI
712 4411 760 4461 col.
771 4413 821 4462 402
838 4429 861 4462 o.
873 4412 931 4477 23),·
949 4412 966 4462 t.
983 4412 1016 4464 B.
1029 4413 1231 4480 Burg.3?,1.2,·
1337 4366 1392 4469 litt
1409 4417 1625 4468 necessitudinem
1637 4416 1686 4465 ΨΘ
1758 4412 1916 4484 trequauoer]
1933 4416 1984 4469 fra-

538 4477 1155 4543 craqou.s,r,smer.;1t0rmusr1eroa
1179 4482 1230 4547 (ed.
1284 4487 1576 4551 quaecumquae
1627 4487 1820 4537 munemne
1875 4485 1985 4539 uidean-

537 4546 647 4597 Zeusner
663 4547 727 4598 ΜΟ.
743 4546 796 4597 La.
813 4548 845 4613 W
858 4567 887 4613 p.
902 4552 956 4600 208
973 4551 1032 4602 te:
1048 4552 1106 4603 cide
1117 4552 1232 4604 dsstteisii
1285 4552 1337 4620 tur]
1356 4558 1468 4620 fortusse
1480 4555 1556 4605 scrib.
1569 4555 1725 4607 inducantur
1795 4551 1852 4608 199
1887 4555 1917 4569 '‘
1973 4583 1985 4594 -

537 4615 631 4665 librum
647 4616 691 4680 qui
702 4616 850 4667 inscribitur
862 4617 1024 4671 Reichsreclit
1041 4637 1066 4671 u.
1087 4620 1232 4673 Volksrecht
1284 4634 1326 4676 tur
1341 4625 1398 4680 ΨΘ,
1416 4624 1578 4691 dirigaturtl
1658 4624 1734 4690 priua
1750 4624 1905 4690 persudesnt
1933 4640 1985 4676 aa·

534 4700 561 4749 p.
579 4688 669 4749 228sq.
688 4695 711 4735 et
733 4702 798 4751 qnos
817 4687 941 4739 Βηιηηοτ
963 4689 1082 4741 disseruit
1107 4692 1134 4741 s'n
1160 4692 1232 4743 Actis
1283 4694 1364 4744 duent
1375 4691 1412 4756 Ψ)
1426 4695 1475 4743 ΨΘ
1568 4690 1621 4746 lot
1640 4692 1792 4744 modenle
1876 4689 1933 4746 199
1949 4689 1986 4775 is]

538 4752 622 4804 dead.
641 4754 728 4805 Berol.
748 4759 815 4806 1894
829 4772 858 4821 p.
873 4761 925 4809 662
933 4774 984 4823 sqq.
1061 4763 1231 4812 mstremnnio
1283 4763 1324 4813 his
1337 4761 1396 4812 libri
1473 4758 1529 4814 199
1546 4763 1754 4829 coniungetnrl'
1809 4759 1852 4827 iis]
1869 4761 1986 4814 bislibrs

539 4822 658 4885 Sunpclt.
732 4820 770 4875 94
789 4824 992 4891 procreanturss
1054 4829 1236 4895 cupidineus·
1336 4832 1369 4881 ab
1387 4832 1508 4883 intestato
1525 4848 1606 4883 samso
1624 4831 1707 4896 spatio
1724 4830 1814 4884 relicto
1830 4848 1879 4883 ona
1894 4835 1918 4881 Γ

572 4889 609 4943 tlt
627 4893 680 4943 suis
698 4909 745 4942 om.
758 4896 781 4941 Γ
845 4892 883 4946 99
900 4893 1029 4962 pactione]
1049 4899 1166 4964 pactione
1185 4916 1231 4950 nos
1285 4898 1339 4952 119
1357 4900 1492 4952 defferriO
1577 4907 1678 4967 poterat
1693 4916 1774 4951 merso
1792 4901 1876 4967 spatio
1893 4900 1985 4954 relicto

537 4962 590 5009 ΨΘ
658 4958 695 5011 99
713 4962 866 5012 estimanti*
922 4965 1103 5030 adquisisitafl
1163 4969 1231 5019 unde
1285 4972 1367 5019 σπη’
1423 4969 1529 5020 usura
1590 4970 1725 5021 institutus
1741 4986 1822 5021 com
1839 4970 1924 5036 mutio
1941 4986 1984 5022 re·

537 5029 674 5081 &karlum
743 5028 830 5096 huius]
845 5034 922 5089 ΙΨΘ.
940 5034 1033 5085 duait
1093 5036 1168 5085 calidi
1183 5039 1232 5086 ΨΘ
1285 5038 1343 5088 licto
1360 5041 1444 5089 ont·
1509 5034 1560 5089 111
1580 5040 1772 5106 perceperint?
1838 5039 1953 5091 obticis·

606 5099 762 5149 conmentita
773 5100 820 5147 ΨΘ
910 5103 1038 5167 iubemus]
1058 5104 1168 5155 iubusl'
1284 5104 1338 5158 112
1355 5110 1515 5175 captatores
1576 5111 1712 5159 emmer·
1785 5105 1819 5160 11
1856 5108 1985 5176 praecipi·

541 5164 595 5219 199
612 5169 769 5218 infirmatum
780 5171 803 5214 P
850 5170 941 5222 coloris
958 5180 1092 5224 conuentu
1104 5173 1233 5223 maumas
1286 5173 1353 5241 mus]
1369 5175 1468 5228 oasa
1475 5183 1496 5239 1,
1506 5192 1689 5243 praccepemus
1698 5180 1725 5238 Γ,
1735 5179 1912 5245 μωωρὶῃῃ.
1922 5178 1985 5231 701⁸.

606 5238 647 5288 sni
665 5234 738 5301 iuris]
758 5237 807 5287 snb
825 5237 880 5289 iura
895 5241 917 5286 l·
992 5238 1083 5308 gener]
1102 5242 1191 5293 iueuer
1204 5244 1232 5303 Θ,
1285 5261 1329 5327 qm·
1427 5258 1481 5313 114
1499 5248 1579 5330 iffi]
1593 5264 1667 5323 m,
1686 5247 1741 5330 Ρῑ
1752 5263 1777 5314 2
1788 5262 1844 5314 ω
1851 5262 1913 5316 m

538 5306 695 5386 uenerintll'
781 5301 833 5356 191
854 5307 982 5358 inlicitel'
1062 5307 1115 5363 192
1133 5311 1232 5392 auditas
1288 5327 1340 5381 115
1375 5331 1519 5397 ropoaitsl'
1601 5332 1818 5399 deuulgauitl'ss,
1835 5332 1986 5399 diuulgauit

539 5373 598 5424 lutri
703 5369 757 5427 199
774 5372 868 5444 paens]
886 5393 967 5443 posue
983 5378 1032 5429 ΘΩ
1135 5375 1232 5445 ⁸¹¹¹m⁰l
1288 5400 1337 5449 ΨΘ
1390 5400 1471 5452 'cdl
1522 5397 1576 5453 119
1592 5397 1986 5468 amaalrmfflttd
