4959 6134
1201 580 1233 590 -
1270 548 1358 605 LXIV
1394 580 1426 591 —

677 709 880 765 Adnotatioucs
899 708 1072 764 Pithoeanae
1090 725 1116 762 a.
1130 707 1195 761 1571
1220 706 1352 762 editionis
1374 705 1527 777 exemplari
1550 705 1640 761 Paris.
1656 706 1766 762 aaa
1785 704 1894 761 Ferro
1917 706 1953 761 ad
1974 723 2039 762 nov.

746 797 857 852 Valent.
870 796 923 860 2,2
942 814 959 850 1
978 796 1007 848 P.
1021 794 1138 850 Pithoco
1163 792 1221 849 lilio
1238 792 1399 864 adscriptae
1418 794 1535 849 fortasse
1553 791 1771 863 proficiscuntur
1789 810 1823 848 er
1840 791 1936 847 atala
1953 794 2040 848 caea

749 883 904 939 Oaiaciano
926 884 965 951 (p.
977 884 1063 949 XXX)
1086 898 1176 951 neque
1199 879 1349 936 aCuiecio
1374 897 1465 949 neque
1487 897 1505 935 a
1524 878 1641 936 Pithoeo
1666 878 1774 950 integre
1797 878 1951 950 descripte:
1976 878 2040 936 vido

746 990 774 1041 p.
789 974 883 1025 LXXI.

678 1076 828 1132 Praeterea
847 1074 974 1129 codicum
992 1073 1073 1128 nobis
1092 1090 1148 1128 nou
1165 1076 1295 1128 notorum
1312 1072 1448 1127 lectiones
1466 1070 1626 1141 adscriptae
1644 1069 1822 1140 reperiuntur
1834 1069 2041 1141 exemplaribus

746 1178 948 1234 Sichardianae
966 1177 1054 1232 Paria
1070 1176 1235 1232 11111311
1254 1178 1282 1243 (a
1301 1176 1331 1230 P.
1344 1174 1463 1230 Pithoeo
1481 1173 1552 1228 filio:
1572 1173 1635 1229 vide
1654 1192 1681 1244 p.
1694 1176 1811 1243 LXVII),

746 1264 914 1321 Cuiaciauae
934 1264 1023 1318 Paris.
1037 1263 1100 1318 aa.
1113 1265 1155 1316 F*
1174 1264 1220 1329 (ad
1238 1279 1301 1317 nov.
1314 1260 1463 1316 Maioriani
1480 1261 1497 1315 6
1515 1261 1551 1316 ab
1572 1260 1684 1316 eodem:
1703 1260 1766 1315 vide
1785 1278 1812 1330 p.
1825 1264 1942 1329 LXXII),

747 1350 915 1407 Cuiacianac
935 1350 1026 1404 Paris.
1041 1349 1103 1404 th.
1117 1349 1161 1403 F²
1180 1351 1209 1415 (a
1226 1347 1375 1403 Francisco
1394 1348 1524 1402 Pithoeo:
1544 1346 1608 1402 vide
1626 1365 1653 1417 p.
1667 1350 1798 1415 LXXIII).

678 1457 755 1520 Quae
773 1455 926 1509 Mommsen
948 1453 977 1507 in
994 1452 1136 1508 volumine
1156 1452 1245 1522 primo
1265 1454 1303 1521 (p.
1316 1453 1417 1521 OVsq.)
1440 1468 1473 1507 ex
1492 1450 1610 1507 Beckeri
1628 1449 1784 1521 ‘Catalogis
1804 1449 2041 1507 bibliothecarum

591 1542 725 1611 antiquis¹
736 1543 861 1608 (Bounae
873 1541 950 1607 1885)
963 1540 1117 1610 proposuit,
1130 1540 1167 1594 ad
1180 1542 1304 1594 nostram
1316 1554 1427 1608 qnoque
1440 1537 1591 1593 editionem
1605 1536 1759 1607 pertinent.
1792 1536 1881 1593 Unius
1894 1542 2042 1608 praeterea

592 1629 697 1685 codicis
714 1629 767 1683 hoc
786 1628 847 1682 loco
865 1627 970 1683 mentio
989 1626 1121 1683 facienda
1139 1630 1190 1691 cst,
1208 1625 1319 1680 scilicet

678 1731 856 1786 Bibliothecae
868 1731 1046 1786 Octauiam
1058 1729 1157 1785 codicis
1171 1729 1238 1785 Otto
1248 1731 1275 1784 A
1289 1729 1343 1795 IX,
1357 1747 1439 1798 quem
1452 1729 1616 1799 ‘Catologus
1627 1727 1776 1784 Librorum
1788 1728 2042 1800 Manuscriptorum

592 1818 787 1874 Bibliothecae
801 1816 996 1874 Cottonianae'
1014 1835 1032 1871 a
1044 1816 1152 1871 Thomu
1164 1814 1273 1870 Smitho
1293 1832 1318 1869 a.
1333 1815 1399 1870 1696
1418 1814 1519 1869 Oronti
1537 1831 1552 1868 e
1568 1814 1691 1869 Theatro
1710 1813 1896 1870 Sheldeuiano
1915 1814 2043 1885 proditus

592 1906 662 1961 haec
680 1902 849 1959 continuisse
861 1904 999 1959 declarat:
1016 1904 1050 1957 ‘l.
1068 1902 1198 1974 Ansegisi
1209 1900 1330 1957 Abbatis
1343 1900 1516 1971 Capitnlare.
1546 1900 1571 1954 2.
1590 1900 1725 1970 Capitula
1744 1899 1836 1955 Caroli
1853 1902 2042 1973 Imperatoris.

592 1994 617 2047 3.
636 1990 769 2060 capitula
782 1990 916 2045 Ludovici
930 1989 1049 2060 Augusti
1069 1993 1098 2044 et
1111 1987 1229 2044 Clotarii
1243 1987 1376 2042 Caesaris.
1407 1990 1432 2042 4.
1452 1988 1591 2057 Excerpta
1608 2004 1641 2041 ex
1654 1986 1735 2041 libris
1746 1985 1841 2059 legum
1855 1987 2042 2044 Romanorum

592 2082 622 2133 et
640 2078 816 2132 Francorum.
852 2078 876 2131 5.
901 2076 1101 2147 Fragmentum
1121 2079 1201 2131 vetus
1219 2074 1327 2130 codicis
1347 2073 1544 2130 Theodosiani.
1564 2072 1668 2143 Incipit
1686 2091 1704 2127 a
1722 2073 1775 2129 fine
1791 2073 1857 2128 libri
1876 2078 1914 2129 IX
1932 2078 1961 2131 ct
1980 2093 2043 2130 cou-

593 2163 719 2219 tinnatur
737 2162 773 2216 ad
791 2162 873 2218 finem
892 2162 959 2217 libri
977 2167 1051 2216 XVII
1069 2162 1137 2230 (sic).
1173 2162 1197 2215 6.
1223 2162 1311 2231 Leges
1329 2160 1467 2215 Novellas
1480 2158 1546 2213 Divi
1558 2159 1717 2215 Theodosii.
1753 2162 1778 2215 7.
1802 2160 1890 2231 Leges
1904 2161 2042 2218 Novellas

592 2249 658 2304 Divi
671 2247 874 2303 Valentiniani.
909 2247 933 2302 8.
956 2248 1044 2317 Leges
1062 2247 1199 2302 Novellas
1212 2246 1277 2300 Divi
1296 2244 1468 2302 Martiniani.
1506 2247 1530 2300 9.
1554 2246 1642 2315 Leges
1654 2246 1791 2303 Novellas
1805 2246 1870 2301 Divi
1882 2246 2042 2304 Maioriani.

593 2336 635 2390 10.
661 2334 748 2404 Leges
772 2334 908 2388 Novellas
931 2332 995 2386 Divi
1019 2332 1122 2387 Severi.
1165 2334 1205 2386 11.
1231 2331 1292 2386 Caii
1316 2331 1388 2386 liber
1411 2330 1628 2386 institutionum.
1670 2334 1710 2389 12.
1735 2333 1818 2387 Pauli
1839 2333 2042 2389 sententiarum

593 2421 659 2476 libri
682 2420 813 2489 quinque.
850 2419 890 2473 13.
917 2418 1081 2487 Gregoriani
1104 2417 1175 2471 liber
1198 2416 1312 2486 primus.
1354 2419 1393 2472 14.
1419 2416 1572 2487 Papiniani
1596 2416 1669 2471 liber
1692 2418 1817 2488 primus?
1855 2418 2043 2474 Celeberrima

593 2506 645 2561 illa
667 2505 841 2561 bibliotheca
858 2503 964 2559 a.1731
989 2502 1116 2558 incendio
1140 2506 1270 2573 correpta
1293 2503 1338 2569 (cf.
1358 2502 1524 2573 Dictionarp
1540 2502 1574 2568 os
1587 2502 1723 2558 Nationat
1741 2504 1907 2575 Bioprapty,
1929 2503 2042 2559 London

594 2592 669 2655 1885,
689 2596 739 2645 XII
757 2609 784 2661 p.
797 2590 867 2659 315),
886 2589 972 2644 codex
991 2606 1046 2644 nna
1065 2607 1127 2643 cum
1145 2589 1210 2644 aliis
1228 2588 1324 2643 multis
1344 2588 1443 2658 periIt;
1463 2607 1528 2645 nam
1541 2589 1616 2645 inter
1631 2590 1814 2647 Cottoniauos
1833 2594 1928 2648 nostra
1946 2597 2044 2649 aetate

594 2677 623 2732 in
635 2678 731 2733 Museo
744 2676 907 2734 Britannico
919 2674 1050 2731 Londinii
1063 2676 1224 2732 adservatos
1238 2676 1413 2731 desideratur
1425 2678 1471 2745 [cf.
1486 2677 1632 2747 Oatclopae
1644 2677 1679 2743 os
1693 2677 1735 2732 tte
1751 2678 1940 2746 Maaascripts
1956 2679 1988 2732 ia
2002 2679 2044 2735 ae

597 2765 741 2820 Uettonica
759 2763 879 2832 Library
895 2760 1029 2830 depositori
1045 2762 1077 2815 ia
1095 2761 1135 2815 aa
1147 2761 1255 2815 Britist
1269 2761 1402 2829 Marcum,
1426 2762 1500 2827 1802,
1519 2781 1547 2832 p.
1559 2763 1629 2830 365).
1650 2792 1684 2802 -
1704 2763 1818 2819 Librum
1837 2763 1964 2820 Gallicae
1982 2765 2044 2821 sine

594 2850 680 2906 dnbio
703 2849 818 2922 originis
841 2848 977 2904 Breviarii
1003 2851 1114 2904 tantum
1135 2849 1271 2903 Novellas
1294 2848 1462 2905 continuisse
1487 2853 1622 2919 apparet;
1649 2849 1832 2907 memorabile
1855 2854 1899 2907 est
1917 2850 2043 2907 Theodo-

595 2937 667 2992 siani
686 2936 772 2991 libros
794 2954 847 2990 non
871 2939 967 2991 extare
991 2934 1044 2989 nisi
1068 2935 1134 2991 inde
1157 2936 1246 2991 atine
1264 2935 1339 2990 noni.
1377 2936 1453 3001 Quae
1473 2954 1537 2991 vero
1555 2935 1630 2990 ratio
1648 2935 1805 2992 intercedat
1826 2934 1901 2992 inter
1919 2936 2043 2993 codicem

597 3024 670 3077 hanc
689 3022 866 3092 deperditum
884 3026 969 3091 atque
982 3022 1229 3078 Wallersteinense
1246 3022 1375 3078 volumen
1395 3023 1575 3088 (Mommseno
1589 3023 1626 3077 B:
1646 3021 1775 3077 Theodl
1793 3041 1819 3093 p.
1833 3026 1951 3093 LXXII),
1968 3024 2044 3093 quod

596 3111 621 3176 9,
630 3112 679 3175 9,1
699 3108 873 3174 terminatur,
892 3108 1046 3164 diiudicare
1064 3125 1119 3162 non
1138 3126 1292 3178 possumne.

681 3213 758 3267 Inter
776 3211 884 3266 codices
896 3211 1048 3267 Vaticanus
1067 3210 1174 3267 inedita
1194 3211 1239 3266 vix
1259 3213 1359 3268 latent.
1395 3214 1428 3266 In
1448 3212 1597 3268 Tabularii
1617 3212 1750 3268 Vaticani
1773 3212 1846 3269 libro
1864 3212 1967 3283 Angeli
1985 3214 2044 3269 Mai

595 3301 769 3355 collectanea
781 3299 991 3368 complectente,
1006 3299 1084 3354 cuius
1096 3297 1228 3354 notitiam
1241 3300 1377 3355 Mercatio
1391 3300 1487 3365 debeo,
1501 3300 1552 3355 snb
1565 3299 1663 3355 littera
1673 3298 1706 3353 N
1717 3299 1826 3370 scripta
1837 3300 1908 3355 haee
1917 3299 2044 3370 repperi:

593 3385 740 3441 ‘Novellas
758 3385 834 3454 leges
852 3389 919 3439 sunt
942 3387 1057 3441 fortasse
1080 3386 1109 3440 11
1129 3386 1207 3441 codd.
1221 3386 1368 3441 Vaticanis
1387 3386 1520 3442 ineditae.
1556 3387 1589 3441 V.
1604 3386 1786 3442 Amadutium
1804 3386 1892 3456 praef.
1910 3386 1954 3442 ed.
1971 3387 2043 3441 Nov.

596 3491 623 3542 p.
635 3476 759 3526 XXXVII
769 3472 826 3540 sq.'.
857 3472 910 3527 Sed
927 3473 1072 3528 abeodem
1091 3472 1217 3527 additur:
1235 3473 1304 3543 ‘Bgo
1323 3473 1445 3529 excussis
1464 3473 1542 3529 codd.
1555 3473 1627 3528 nihil
1646 3472 1741 3528 inveni
1758 3470 1913 3528 ineditum’.
1943 3472 2043 3541 Neque

597 3557 667 3611 mihi
686 3557 815 3627 contigit,
834 3560 866 3612 nt
884 3558 948 3613 novi
967 3557 1119 3626 quidquam
1138 3558 1166 3613 in
1185 3559 1276 3614 lucem
1296 3561 1497 3629 protraherem.
1528 3560 1568 3613 Ex
1582 3558 1730 3614 Vaticanis
1748 3558 1827 3613 libris
1839 3557 2044 3629 Begiuensibus

598 3645 634 3698 ad
654 3643 877 3699 Theodosiannm
899 3648 985 3711 atquc
1008 3643 1143 3699 Novellas
1167 3645 1385 3714 pertinentibus,
1411 3663 1480 3715 quos
1502 3644 1728 3701 Montfancouins
1751 3648 1908 3714 enumerat,
1931 3647 2044 3714 praeter

598 3748 625 3783 n.
639 3731 706 3784 1167
724 3728 854 3798 (Codicis
873 3729 1058 3783 Theodosiani
1077 3730 1162 3801 pars)
1181 3731 1240 3787 erui
1261 3749 1362 3787 omncs.
