4959 6134
1080 534 1318 598 -217-

478 736 506 788 p.
521 716 553 772 13
630 713 940 779 nov.'1¹hoc<i.4,36irs
956 718 1094 781 apparatu
1110 728 1159 767 scr.
1177 711 1226 768 xui
1245 711 1302 778 (xix
1325 712 1356 780 0,
1374 727 1424 767 osu.
1440 712 1541 777 Groui.)

854 802 885 854 iu
909 800 1117 856 matonis
1140 804 1281 854 cucurum
1303 816 1326 855 c.
1344 806 1360 854 2
1378 806 1441 868 post
1462 800 1673 870 inscriptionem
1697 800 1764 856 addc
1785 802 1923 873 subscrip·

960 888 1067 944 tionem

479 1004 506 1055 p.
521 987 553 1039 16
834 984 903 1048 5,22
920 999 971 1038 scr.
990 986 1050 1039 715.

479 1090 506 1142 p.
518 1072 553 1126 20
831 1072 856 1136 7,
866 1070 891 1136 3,
903 1071 980 1135 11)12
996 1071 1029 1123 isc
1046 1075 1185 1139 apparatu
1202 1084 1252 1123 sor.
1270 1069 1448 1139 intelligatur
1466 1069 1584 1125 dicimus
1601 1070 1669 1140 (dele
1687 1072 1732 1140 de)
1753 1072 1776 1127 0

831 1156 890 1223 7,3,
902 1156 935 1212 13
951 1157 983 1209 in
1000 1162 1140 1226 apparatu
1156 1171 1208 1210 scr.
1227 1154 1351 1211 tribunis
1369 1159 1398 1211 et
1415 1155 1453 1210 [n
1470 1157 1539 1223 (non
1556 1157 1603 1226 Ρ)

632 1253 670 1307 ad
687 1270 750 1308 nov.
764 1252 868 1308 Theod.
881 1252 904 1316 7,
917 1254 936 1306 4
948 1258 1010 1320 post
1027 1254 1096 1307 lust
1108 1253 1133 1318 3,
1142 1252 1212 1315 23,2
1228 1250 1299 1305 addc
1317 1252 1341 1316 7,
1352 1252 1393 1318 62,
1404 1252 1445 1306 33.

477 1358 505 1410 p.
517 1340 552 1395 23
883 1340 934 1405 9,2
952 1339 984 1391 in
999 1344 1138 1407 apparatu
1152 1353 1205 1407 pro
1222 1338 1251 1393 in
1264 1356 1327 1393 nov.
1340 1336 1445 1393 Theod.
1460 1339 1489 1392 11
1504 1337 1688 1411 inscriptione
1700 1355 1750 1394 scr.
1765 1341 1794 1395 iu
1807 1341 1923 1413 iuscrip-

975 1424 1100 1482 tionibus
1117 1443 1181 1482 nov.
1193 1424 1299 1481 Theoi.
1312 1426 1343 1480 11
1363 1429 1393 1481 ct
1412 1424 1444 1479 16

479 1532 505 1584 p.
519 1515 553 1568 24
884 1513 956 1579 9,10
973 1513 1003 1565 in
1021 1517 1159 1581 apparatu
1176 1527 1226 1567 scr.
1247 1511 1487 1568 conducendorum
1506 1512 1633 1580 1³¹(non
1653 1514 1703 1583 1³²)

478 1620 505 1671 p.
518 1602 552 1655 25
882 1601 908 1666 9,
917 1601 951 1654 47
970 1615 1018 1653 scr.
1037 1598 1237 1670 suprascriptis

865 1688 950 1755 10,10
968 1687 1000 1740 in
1018 1691 1156 1756 apparatu
1170 1701 1221 1753 pro
1232 1684 1327 1742 Guiuc.
1337 1685 1384 1756 (ud
1401 1685 1444 1741 ed
1457 1686 1478 1740 F
1495 1686 1575 1757 2240)
1592 1703 1641 1741 scr.
1662 1687 1755 1743 Cuieo.
1774 1689 1925 1745 secuudum

977 1772 1052 1829 Pitb.
1062 1772 1109 1836 (ud
1127 1773 1170 1828 ed.
1183 1771 1205 1825 F
1216 1771 1298 1842 2240)

478 1880 505 1932 p.
518 1862 552 1916 27
868 1861 935 1924 11,3
952 1860 983 1913 in
1000 1864 1140 1929 apparatu
1157 1875 1208 1914 scr.
1228 1858 1352 1914 criminis
1373 1859 1397 1914 0

478 1967 505 2018 p.
518 1949 552 2003 30
613 1947 651 2001 od
667 1966 729 2003 nov.
742 1947 848 2004 Theod.
868 1949 901 2003 13
918 1962 970 2002 scr.
988 1947 1040 2003 439
1059 1950 1129 2018 Aug.
1144 1948 1174 2003 ll
1195 1951 1264 2015 (non
1283 1948 1327 2014 13)

478 2054 505 2105 p.
518 2036 553 2088 32
869 2036 908 2099 14,
920 2035 952 2089 15
970 2034 1002 2087 in
1018 2038 1158 2103 apparatu
1176 2049 1227 2089 scr.
1247 2034 1338 2089 causis
1360 2033 1396 2088 Gi
1413 2035 1482 2104 (nou
1502 2035 1553 2102 G¹)

478 2142 505 2192 p.
518 2123 553 2177 34
872 2122 912 2187 14,
923 2122 956 2175 77
976 2122 1008 2174 iu
1026 2127 1169 2189 apparatu
1186 2120 1243 2175 dac
1260 2122 1287 2175 Γ
1301 2151 1334 2161 -

977 2208 1033 2263 dcto
1049 2209 1200 2265 secundum
1220 2226 1284 2263 eum
1302 2207 1403 2263 librum

477 2322 504 2373 p.
517 2306 549 2359 41
632 2322 696 2359 nov.
709 2304 814 2359 Theod.
835 2305 867 2359 16
885 2304 917 2358 in
934 2304 1133 2359 muneratione
1151 2309 1291 2358 sudorum
1309 2303 1376 2359 adde
1393 2304 1557 2361 Theoderic.
1575 2323 1598 2360 c.
1617 2306 1650 2359 28
1669 2305 1716 2372 (sd
1734 2305 1751 2374 ἕ
1768 2307 1796 2371 2;
1816 2305 1849 2361 cf.
1862 2322 1925 2362 nov.

877 2391 990 2447 Volent.
1002 2392 1070 2457 21,1
1089 2392 1158 2461 54)
1177 2392 1211 2446 29
1228 2390 1278 2457 (od
1294 2392 1352 2461 33)

477 2504 505 2555 p.
517 2488 551 2540 45
578 2486 617 2540 ad
633 2504 697 2541 nov.
711 2486 815 2541 Theod.
831 2489 863 2543 19
881 2503 932 2541 scr.
951 2487 1003 2543 440
1020 2486 1086 2541 Mai.
1104 2488 1140 2541 29
1157 2487 1226 2558 (non
1247 2488 1289 2549 17)

834 2574 917 2641 19,10
934 2575 965 2627 in
982 2578 1122 2642 apparatu
1138 2589 1189 2629 scr.
1207 2573 1311 2644 pretia]
1332 2572 1380 2628 ΙὈ
1398 2574 1464 2628 Isset.
1477 2579 1502 2628 ct
1518 2573 1646 2628 Pitisocsoe

479 2677 505 2728 p.
519 2659 552 2713 47
830 2663 872 2726 20,
882 2662 916 2716 29
933 2661 965 2714 is
982 2666 1117 2730 apparatu
1134 2677 1183 2715 scr.
1201 2660 1395 2732 magnificavit
1412 2660 1479 2730 (dele
1496 2661 1650 2717 auctoritas
1668 2666 1730 2729 tua)
1751 2662 1841 2716 Grom.

478 2762 505 2813 p.
518 2745 553 2799 48
882 2748 912 2802 in
930 2748 1128 2803 enumeratione
1145 2753 1289 2802 amorum
1306 2763 1357 2801 scr.
1376 2747 1601 2817 Guelferbytsni,
1621 2748 1717 2803 deinde
1735 2748 1843 2804 omissis
1861 2749 1923 2804 sub·

979 2834 1132 2905 scriptione
1150 2833 1397 2905 interpretatione,
1416 2838 1495 2891 textu
1513 2836 1550 2891 ab
1568 2834 1803 2906 agrimensoribus
1821 2835 1925 2905 passim

979 2920 1152 2991 interpolato
1742 2930 1745 2937 '

835 3018 905 3082 21,8
921 3017 954 3070 in
971 3024 1110 3087 apparatu
1127 3032 1177 3072 scr.
1196 3018 1263 3073 viris
1281 3016 1485 3088 spectabilibus
1503 3018 1531 3071 Γ
1544 3018 1613 3072 lust.

835 3105 922 3168 21,12
939 3105 972 3157 in
989 3110 1129 3173 apparatu
1146 3120 1195 3158 scr.
1214 3102 1320 3173 referri]
1339 3105 1366 3157 Γ
1379 3105 1447 3158 lust.

480 3206 505 3257 p.
519 3191 553 3244 49
835 3191 869 3244 22
886 3190 960 3245 rubr.
979 3191 1013 3243 in
1031 3197 1184 3259 apparatus
1200 3208 1223 3245 o.
1238 3193 1295 3258 9l10
1312 3206 1361 3245 scr.
1384 3189 1449 3247 inde
1467 3189 1543 3247 Pit-b.
1561 3191 1603 3246 ed.
1622 3192 1687 3247 1571
1708 3210 1770 3246 cum
1790 3190 1863 3247 Pith.
1877 3192 1924 3259 (od

980 3274 1074 3331 (luiso.
1093 3276 1162 3346 [‘lib.
1174 3275 1316 3347 pst(ris)'])

480 3380 507 3430 p.
521 3363 552 3415 51
833 3364 876 3429 22,
885 3364 920 3418 52
938 3363 969 3416 iss
990 3369 1129 3433 apparatu
1149 3380 1199 3419 scr.
1217 3362 1392 3434 decoquitur]
1406 3362 1539 3432 Sictard,
1562 3394 1595 3404 -
1614 3381 1667 3432 pro
1685 3364 1721 3419 od
1739 3364 1776 3417 P·
1795 3363 1927 3432 Pidrou

982 3449 1120 3519 Sictnrd.)
1137 3466 1188 3506 scr.
1207 3451 1244 3506 sd
1263 3449 1388 3506 Sinara.

480 3560 507 3612 p.
521 3543 555 3596 53
633 3544 665 3595 in
682 3545 802 3614 murptnc
818 3546 954 3614 ruperim
971 3562 1023 3601 scr.
1042 3546 1173 3602 ΤΗΕΟΙ).
1187 3546 1275 3613 XXII,
1294 3549 1309 3601 1
1328 3546 1396 3613 (dele
1413 3546 1442 3616 2)

480 3657 507 3709 p.
520 3640 553 3694 54
632 3657 693 3694 nov.
707 3639 811 3694 Theod.
830 3641 873 3704 22,
884 3642 908 3705 2,
920 3641 952 3696 19
970 3641 1002 3694 iu
1020 3647 1157 3710 apparatis
1174 3647 1236 3710 post
1253 3659 1287 3697 ex
1306 3659 1362 3710 quo
1379 3640 1448 3697 addc
1466 3641 1617 3698 Rsnoomt.
1636 3642 1682 3710 (ad
1700 3641 1824 3697 Siohord.
1838 3641 1925 3698 Puris.

830 3815 872 3879 22,
882 3815 907 3879 2,
915 3816 950 3869 25
967 3728 1157 3885 0116Σῂ3311ιί
1173 3732 1226 3870 tir.
1243 3814 1342 3886 primis
1361 3815 1406 3871 oui
1423 3814 1599 3870 GXOP¹MS
1616 3846 1647 3854 -
1660 3815 1785 3884 dominii]
1799 3815 1849 3870 ΓΟ
1860 3832 1920 3871 cum

979 3902 1061 3969 lust,
1084 3918 1118 3956 cc
1137 3918 1191 3971 quo
1209 3901 1359 3957 Rom.
1378 3900 1430 3969 (ad
1446 3901 1565 3957 uicum.
1584 3902 1674 3956 Puris.
1694 3902 1754 3957 Re.
1775 3902 1805 3956 F
1818 3904 1884 3970 381)
1901 3908 1926 3957 et

979 3988 1052 4044 Res.
1070 3988 1120 4057 (aa
1136 3988 1282 4058 sichard),

832 4080 874 4143 22,
883 4079 908 4143 2,
919 4078 952 4132 73
968 4077 1000 4131 irs
1016 4081 1155 4145 apparatu
1171 4082 1232 4144 post
1250 4093 1283 4130 ex
1301 4093 1356 4144 quo
1376 4074 1447 4130 addc
1466 4076 1619 4132 Rsuoonet.
1636 4076 1683 4142 (ad
1701 4076 1825 4133 Sicbsrd.
1838 4076 1924 4133 Paris.

833 4252 874 4316 22,
887 4252 911 4316 2,
922 4251 956 4305 96
973 4163 1160 4319 111468φῖ4213
1176 4167 1227 4304 ἓν.
1247 4249 1436 4319 conservetur]
1454 4250 1493 4303 sic
1514 4250 1538 4305 0
1555 4266 1614 4305 oum
1633 4249 1704 4303 Pitt.
1718 4248 1767 4315 (od
1781 4247 1927 4317 dictord).-

977 4336 1041 4391 s'ndc
1061 4335 1120 4393 Oui.
1132 4335 1198 4391 ati
1215 4336 1259 4402 (in
1276 4336 1417 4405 mospius),

833 4425 1032 4492 2221451146
1058 4425 1089 4477 in
1110 4429 1251 4493 apparatu
1274 4438 1326 4479 scr.
1348 4420 1466 4480 eudoxio
1492 4421 1517 4477 6
1539 4439 1600 4477 cum
1620 4422 1691 4477 Pitt.
1702 4422 1756 4491 [ad
1775 4421 1924 4493 Sirbonis:

977 4511 1043 4566 indo
1064 4510 1122 4567 Orci.
1140 4510 1179 4566 cd.
1192 4519 1214 4579 1,

834 4603 868 4656 24
885 4600 959 4655 rubr.
977 4599 1009 4652 is
1026 4604 1167 4669 apparatu
1181 4603 1242 4667 post
1260 4603 1290 4656 ot
1308 4597 1378 4655 locis
1397 4598 1467 4653 aare
1485 4597 1582 4667 (lucris
1604 4597 1664 4652 Osci.
1676 4597 1715 4652 cd.
1730 4600 1754 4664 1)

833 4688 902 4751 247
919 4687 951 4740 iss
968 4691 1108 4755 apparatu
1124 4701 1175 4742 scr.
1194 4685 1307 4755 quibus]
1325 4686 1353 4739 Γ
1364 4702 1424 4740 mem
1442 4685 1519 4753 lust,

808 4773 955 4920 (ἓξὲξ)
973 4816 1005 4869 u
1022 4820 1160 4884 marcu
1172 4832 1226 4884 pro
1245 4813 1320 4871 eico.
1339 4814 1403 4882 (ed.)
1427 4830 1475 4868 ss.
1496 4813 1556 4869 sui.
1575 4814 1617 4870 ed.
1638 4817 1664 4870 l:
1683 4814 1748 4871 use
1766 4813 1841 4870 essu.
1861 4813 1925 4883 (ss.)

833 4901 876 5010 25,Ι
887 4946 920 5000 37
938 4947 969 4999 in
986 4951 1127 5015 apparatu
1143 4962 1194 5001 scr.
1214 4946 1297 5016 citra]
1318 4946 1407 5001 F02¹
1426 4961 1486 5000 cum
1504 4945 1570 4999 lust.

481 4989 508 5103 p·
520 5033 554 5087 68
829 5034 871 5097 26,
881 5035 914 5089 67
932 5034 963 5086 in
980 5038 1119 5102 apparatu
1132 5049 1186 5101 pro
1203 5033 1306 5088 multos
1325 5032 1365 5086 Pb
1384 5047 1432 5086 sor.
1451 5031 1542 5086 mults
1562 5032 1602 5085 Pb

480 5147 508 5198 p.
521 5130 555 5183 73
631 5148 693 5185 nov.
707 5129 818 5185 Valent.
834 5130 917 5194 1‚1,'2
934 5130 965 5181 in
983 5133 1122 5196 apparatu
1138 5128 1208 5182 addc
1227 5126 1290 5184 vide
1310 5128 1415 5183 Theod.
1429 5127 1440 5180 1
1459 5145 1485 5196 p.
1499 5128 1567 5187 1,14

481 5233 508 5285 p.
522 5216 555 5269 76
839 5218 860 5280 1,
871 5217 896 5280 3,
907 5217 983 5282 62164
1001 5215 1032 5267 in
1048 5219 1188 5284 apparatu
1204 5230 1254 5269 sor.
1273 5212 1348 5269 Pitb.
1366 5213 1415 5281 (od
1433 5212 1569 5279 Sicburd.)
1588 5231 1650 5267 cum
1670 5211 1729 5267 Cui.
1750 5211 1792 5265 ed.
1807 5214 1819 5266 l

481 5320 509 5372 p.
523 5304 555 5356 77
838 5301 982 5366 1364765
1004 5302 1035 5354 in
1061 5306 1201 5369 apparatu
1226 5316 1276 5355 scr.
1301 5299 1448 5371 bubegeno
1475 5300 1552 5370 Epis.
1580 5299 1672 5354 Mon„-
1705 5297 1767 5352 inde
1791 5297 1860 5352 Pitt.
1875 5295 1927 5366 [ad

999 5386 1149 5459 staturus,
