4959 6134
337 4030 388 4081 PE
393 4030 483 4081 Tura

1144 538 1359 594 -Lxx-

614 693 818 756 Quaerentibus
830 712 901 749 nune
914 694 1002 758 nobis,
1021 697 1090 764 quot
1108 695 1252 752 codicibus
1265 699 1377 767 praeter
1389 694 1517 752 subsidia
1534 697 1586 752 sub
1600 698 1623 752 1.
1633 699 1650 752 2
1662 698 1753 753 allata
1765 697 1897 754 Cuiacius
1909 716 1974 753 usus

529 782 575 847 sit,
594 782 670 837 haud
688 781 818 838 absimile
831 782 889 838 veri
910 781 997 836 videri
1015 782 1104 851 pessit
1122 786 1178 838 tres
1196 782 1283 839 libros
1301 788 1414 855 praesto
1432 782 1459 839 ei
1478 782 1570 848 fuisse,
1589 784 1700 840 scilieet
1717 784 1820 840 librum
1834 784 1865 839 E
1880 784 1917 854 (b.
1930 788 1974 852 a),

528 870 651 928 eiusdem
669 871 806 927 Breviarii
824 870 950 927 familiae
968 872 1092 928 melioris
1109 873 1229 927 alterum
1248 872 1350 928 libmm
1368 872 1482 941 plenum
1500 871 1580 928 nobis
1604 890 1659 927 non
1676 875 1773 928 notum
1792 875 1852 941 (a),
1877 871 1974 927 elassis

528 959 648 1028 denique
658 959 688 1013 Ε
698 959 821 1014 codicem
834 957 1018 1029 deperditum,
1037 960 1176 1015 diversum
1189 958 1270 1013 illum
1282 958 1394 1027 quidem
1407 975 1424 1013 a
1436 958 1592 1015 decurtatis
1604 958 1741 1013 Parisinus
1753 968 1827 1015 4414.
1840 968 1905 1016 4416
1917 960 1975 1029 (d.).

529 1045 605 1101 Hace
623 1047 680 1103 fere
699 1044 880 1102 convenirent
898 1063 960 1100 eum
973 1045 1136 1102 Mommseni
1149 1046 1299 1109 sententia,
1317 1046 1365 1114 qui
1378 1050 1490 1115 praeter
1502 1045 1560 1102 alis
1572 1045 1698 1101 subsidia
1713 1045 1807 1101 vueod.
1818 1050 1839 1100 I
1852 1065 1878 1116 p.
1888 1052 1974 1103 CVIII

528 1136 629 1189 notata
652 1150 715 1187 curn
739 1133 776 1187 ad
800 1132 920 1188 edendos
945 1135 1051 1189 ceteros
1074 1131 1262 1187 Theodosiani
1285 1132 1371 1187 libros
1398 1136 1458 1187 tum
1482 1133 1519 1187 ad
1541 1133 1637 1187 LXVI
1663 1150 1682 1188 a
1704 1132 1819 1188 Cuiacio
1845 1133 1975 1189 Taurinis

529 1221 716 1275 commorante
734 1218 893 1273 adhibitum
916 1235 975 1273 csse
998 1218 1113 1288 putavit
1133 1217 1257 1273 codicem
1275 1217 1489 1287 Eporediensem
1507 1218 1538 1271 E
1558 1236 1576 1273 a
1594 1218 1712 1274 Pithoeo
1731 1219 1758 1274 ei
1782 1218 1897 1275 mnsam
1914 1221 1973 1288 (1.1.

529 1324 556 1375 p.
567 1310 663 1359 LXVII
672 1306 731 1373 sq),
749 1306 896 1373 praeterea
913 1302 1015 1359 libmm
1028 1302 1167 1373 quendam
1183 1303 1359 1358 decurtatum
1372 1302 1454 1358 hodie
1466 1302 1645 1373 deperditum
1658 1304 1684 1371 (l.
1695 1305 1712 1358 l.
1726 1322 1753 1373 p.
1763 1305 1841 1373 CIX).
1868 1305 1974 1361 Contra

529 1410 594 1462 ego,
617 1391 641 1445 si
658 1390 726 1447 lieet
743 1407 851 1444 summo
870 1389 929 1444 viro
947 1389 1101 1452 adversari,
1126 1407 1221 1444 omnes
1245 1388 1379 1444 lectiones
1397 1392 1531 1458 quattuor
1549 1389 1695 1445 latereulis
1712 1407 1730 1443 a
1748 1408 1792 1446 mo
1815 1392 1920 1447 allatas
1937 1393 1975 1446 ab

529 1495 584 1532 une
603 1476 661 1531 sole
680 1476 818 1531 Breviarii
836 1476 939 1547 integri
957 1475 1052 1531 codiee
1071 1474 1128 1529 iam
1145 1474 1293 1544 deperdito
1311 1474 1432 1545 pendere
1450 1474 1586 1540 arbitror,
1608 1474 1658 1544 qui
1676 1476 1713 1532 ad
1731 1475 1869 1532 familiam
1887 1477 1979 1532 HNE

529 1562 615 1616 KLe
632 1560 774 1631 pertinens
793 1561 916 1630 proxime
936 1560 1099 1630 plerumque
1118 1561 1218 1616 aberat
1235 1559 1337 1614 alibro
1350 1558 1382 1613 Ε
1396 1560 1499 1616 eisdem
1518 1559 1720 1617 additamentis
1738 1565 1830 1618 aneto.
1862 1563 1976 1634 Optime

529 1648 569 1702 sic
588 1647 776 1717 explanantur
793 1647 990 1703 laterculorum
1009 1650 1037 1713 a)
1056 1650 1086 1702 et
1105 1648 1132 1714 d)
1156 1647 1224 1712 leei,
1249 1646 1311 1715 qui,
1335 1654 1504 1715 quamquam
1527 1665 1546 1702 a
1564 1646 1660 1703 codice
1677 1649 1708 1702 E
1728 1648 1827 1716 alieni,
1853 1649 1977 1706 eiusdem

530 1738 624 1790 tamen
648 1733 774 1789 familiae
797 1734 899 1789 libmm
922 1734 1050 1803 produnt.
1087 1733 1167 1787 Nihil
1186 1733 1260 1789 enim
1279 1738 1333 1798 est,
1360 1750 1408 1787 eur
1426 1732 1560 1788 lectiones
1582 1734 1714 1791 laterculi
1733 1736 1762 1805 d)
1783 1735 1897 1791 aliunde
1920 1753 1976 1790 non

530 1824 611 1875 netas
628 1819 719 1876 eidem
737 1819 827 1875 codici
845 1819 954 1889 integro
972 1838 1026 1876 non
1045 1821 1202 1876 tribuamus
1215 1820 1260 1886 (ef.
1274 1820 1385 1875 Valent.
1398 1819 1503 1887 35,28).
1534 1819 1614 1875 Hunc
1632 1820 1725 1891 ipsum
1743 1821 1867 1878 codicem
1883 1822 1977 1892 deper-

529 1907 620 1962 ditum
643 1905 800 1977 significare
818 1905 930 1962 videtur
952 1906 1076 1977 epistula
1094 1906 1203 1961 Cuiaeii
1221 1906 1259 1960 ad
1277 1905 1426 1961 Pithoeum
1447 1922 1473 1960 a
1491 1905 1603 1962 circiter
1622 1908 1689 1963 1569
1699 1909 1734 1977 (1)
1753 1907 1822 1963 data
1838 1908 1982 1977 (Theadl

531 2012 557 2062 p.
575 1995 692 2062 LXVII),
720 1990 769 2046 ubi
794 1992 945 2047 secundum
968 1990 1115 2046 Girardum
1141 1990 1258 2061 legitur:
1281 1992 1329 2044 ‘aa
1351 1996 1420 2046 reste
1443 1996 1526 2046 matre
1548 1991 1612 2047 eede
1637 1992 1790 2048 tbtodesisn
1812 1996 1879 2048 n'sst
1898 1994 1979 2063 point

529 2078 639 2148 ‘peram
665 2078 814 2132 meismet
835 2095 886 2146 quie
911 2094 951 2132 ees
975 2078 1087 2132 troubles
1109 2077 1252 2143 durarent,
1277 2078 1298 2131 a
1323 2080 1370 2147 n’y
1395 2094 1414 2131 a
1433 2094 1488 2146 pas
1510 2079 1596 2131 menn
1617 2078 1651 2133 de
1675 2079 1700 2133 le
1723 2080 1880 2135 recenern'.
1923 2080 1977 2135 Suo

530 2166 591 2221 iare
608 2166 761 2220 Mommsen
778 2165 808 2230 (l.
822 2165 852 2232 l.)
869 2163 1015 2219 Cuiacium
1034 2163 1164 2218 Taurinis
1181 2168 1337 2219 morantem
1356 2163 1492 2220 Breviarii
1516 2163 1640 2220 codicem
1660 2181 1678 2219 a
1699 2163 1818 2222 Pithoeo
1836 2164 1980 2236 accepisse

531 2251 660 2322 collegit,
684 2251 732 2305 sed
751 2250 896 2321 Eporediis
918 2249 1044 2304 adlatum
1067 2251 1142 2304 hune
1164 2266 1224 2305 esse
1247 2249 1318 2304 mihi
1337 2249 1449 2318 quidem
1471 2268 1526 2306 non
1547 2250 1696 2320 persuasit.
1732 2250 1834 2306 Mirum
1852 2252 1979 2321 proiecto

531 2339 630 2393 fuisset
649 2335 793 2391 Cuiacium
817 2336 997 2404 professorem
1020 2340 1087 2391 tune
1107 2334 1307 2390 Taurinensem
1331 2336 1367 2390 ad
1389 2334 1604 2405 adipiscendum
1622 2337 1837 2407 Eporediensem
1855 2338 1979 2394 codicem

531 2424 659 2479 adiutore
671 2440 751 2477 usum
765 2438 823 2476 esse
836 2420 955 2476 Pithoeo
968 2421 1104 2476 Parisino.
1135 2421 1226 2476 Multo
1239 2419 1419 2476 verisimilius
1434 2426 1478 2477 est
1495 2423 1570 2477 hune
1589 2422 1714 2479 codicem
1732 2441 1790 2479 una
1808 2441 1871 2478 eum
1889 2422 1979 2479 altero

531 2513 561 2565 et
583 2510 644 2579 ipso
667 2506 825 2577 deperdito,
850 2525 884 2562 ex
905 2524 960 2576 que
979 2507 1125 2563 Cuiacium
1142 2508 1268 2563 novellas
1291 2511 1370 2563 extra
1388 2508 1564 2563 Breviarium
1589 2509 1697 2580 positas
1719 2510 1839 2580 primurn
1857 2509 1977 2566 edidisse

532 2595 659 2661 vidimus,
678 2592 793 2648 Parisiis
813 2593 856 2648 vel
875 2594 989 2649 aliunde
1008 2612 1040 2649 ex
1060 2594 1155 2650 Gallia
1173 2593 1311 2649 Taurinos
1328 2592 1442 2648 missum
1460 2595 1485 2649 ei
1505 2613 1565 2650 esse
1582 2613 1600 2650 a
1618 2594 1744 2652 Pithoeo.

617 2698 668 2752 His
692 2698 780 2768 igitur
803 2696 934 2752 subsidiis
953 2698 1082 2753 Cuiacius
1103 2700 1139 2754 ad
1162 2698 1283 2769 priorem
1301 2698 1484 2753 Novellamm
1511 2697 1664 2755 editionem
1688 2700 1891 2755 instituendam
1914 2719 1978 2757 mea

532 2785 643 2855 quidem
666 2785 807 2840 sententia
830 2802 894 2839 usus
917 2788 972 2840 est:
996 2785 1039 2838 Iu
1058 2786 1183 2841 novellas
1206 2789 1285 2841 extra
1304 2785 1477 2841 Breviarium
1495 2789 1620 2840 servatas
1639 2790 1752 2855 praeter
1769 2786 1846 2843 Petri
1865 2787 1978 2843 Pitheci

532 2871 623 2942 patris
641 2871 838 2926 adnotationes
851 2870 1048 2925 Siclrardianae
1065 2872 1208 2939 srerrplari
1220 2872 1309 2926 Paris.
1325 2871 1436 2926 Rtssrrc
1449 2873 1478 2926 F
1483 2878 1537 2927 380
1549 2872 1707 2942 adscriptas
1724 2872 1858 2929 adhibuit
1875 2873 1979 2928 libmm

533 2959 558 3011 Ω
575 2978 593 3012 a
611 2957 731 3012 Loiselle
755 2960 902 3025 accepturu
927 2962 956 3013 et
977 2958 1070 3011 classis
1088 2959 1139 3010 ΣΞ
1159 2958 1281 3013 codicem
1304 2958 1480 3028 deperditum
1505 2959 1622 3014 fortasse
1645 2960 1764 3015 aPetro
1782 2959 1900 3016 Pithoeo
1918 2959 1977 3014 filie

533 3044 670 3099 Taurinos
688 3043 809 3099 missum.
842 3045 872 3097 ln
885 3043 1023 3098 Breviarii
1036 3043 1154 3099 novellis
1167 3043 1282 3099 edendis
1295 3043 1477 3097 attererem
1489 3044 1604 3099 ertitmnc
1618 3044 1695 3100 nisus
1708 3046 1852 3115 utriusque
1865 3045 1979 3102 Pithoei

533 3132 730 3188 adnotationes
752 3134 906 3203 permultas
929 3151 961 3187 ex
985 3132 1185 3188 Siehardianac
1210 3132 1364 3202 exemplari
1389 3132 1505 3187 laudato
1529 3131 1649 3201 recepit;
1677 3134 1823 3202 praeterea
1842 3133 1935 3186 clusam
1952 3132 1983 3186 Ε

533 3218 656 3273 codicem
675 3222 704 3273 et
723 3217 813 3288 ipsum
833 3218 1008 3288 deperditum
1021 3220 1157 3273 Taurinos
1174 3238 1192 3273 a
1204 3219 1324 3274 Pithoeo
1342 3217 1455 3274 missam
1474 3219 1500 3274 ei
1519 3237 1578 3274 esse
1596 3217 1747 3274 verisimile
1766 3222 1817 3274 est.
1847 3218 1980 3273 Cuiacius

533 3303 620 3373 igitur
638 3303 698 3373 ipse
716 3322 772 3358 non
791 3305 912 3360 eontulit
931 3305 975 3361 vel
994 3305 1142 3374 descripsit
1165 3305 1218 3360 nisi
1238 3304 1348 3360 codices
1371 3308 1438 3370 tres,
1462 3305 1614 3373 exquibus
1633 3306 1702 3360 duos
1725 3305 1842 3361 fortasse
1861 3303 1980 3359 Pithoeo

532 3388 642 3452 debuit:
668 3390 802 3459 pleraque
823 3390 949 3446 subsidia
971 3390 1170 3445 Sichardianac
1194 3390 1337 3460 exemplar
1359 3390 1546 3445 Pithoeanum
1573 3391 1659 3446 Paris.
1677 3390 1738 3445 Res.
1757 3390 1843 3445 T380
1867 3389 1893 3446 ei
1914 3409 1979 3460 sup·

533 3474 682 3545 peditavit.
714 3476 791 3541 Quae
809 3495 872 3531 eum
890 3476 932 3532 ita
950 3476 1014 3542 sint,
1034 3476 1130 3531 munti
1148 3496 1201 3531 non
1215 3495 1369 3547 possumus,
1388 3477 1462 3545 quod
1481 3477 1511 3530 iu
1530 3475 1663 3531 editionis
1675 3476 1850 3546 praefatione
1863 3477 1978 3532 Petrum

533 3560 702 3630 discipulum
720 3580 799 3616 suum
818 3561 933 3631 eiusque
951 3566 1064 3619 fratrem
1084 3564 1264 3620 Franciseum
1282 3563 1396 3618 summis
1415 3562 1545 3619 laudibus
1564 3563 1651 3620 effert.

620 3664 719 3733 Neque
737 3665 820 3720 aliter
838 3684 881 3720 res
904 3685 932 3721 se
955 3668 1042 3723 habet
1063 3668 1092 3721 in
1110 3669 1202 3724 altera
1220 3668 1402 3723 Novellarum
1421 3667 1543 3723 editione
1564 3666 1717 3722 Ouiaeiaua
1734 3685 1759 3721 a.
1775 3668 1841 3722 1586
1860 3667 1980 3736 prolata,

534 3768 617 3819 quae,
643 3753 781 3819 quatenus
805 3769 823 3805 a
845 3752 935 3821 priore
959 3752 1082 3808 editione
1106 3753 1212 3816 differt,
1237 3757 1301 3808 tota
1325 3754 1381 3809 fere
1405 3771 1422 3807 a
1444 3751 1520 3807 Petri
1540 3752 1652 3808 Pitheci
1675 3771 1700 3808 a.
1715 3753 1780 3807 1571
1804 3752 1928 3808 editione
1950 3756 1981 3807 et

534 3836 676 3891 Francisci
694 3835 807 3893 Pithoei
825 3837 1054 3893 adnotationibus
1068 3837 1238 3894 Cuiacianae
1257 3837 1358 3908 prieris
1377 3838 1529 3909 exemplari
1548 3838 1635 3894 Paris.
1648 3838 1767 3895 Reserve
1781 3838 1816 3892 1²
1828 3836 1981 3907 adscriptis

535 3923 648 3992 pendet.

620 4018 711 4083 Petri
732 4019 858 4085 Pithoni
886 4028 973 4085 editio
996 4048 1020 4083 a.
1040 4031 1104 4084 1571
1130 4030 1261 4085 Lutetiae
1289 4028 1402 4098 prodita
1428 4030 1479 4083 sub
1506 4029 1592 4085 titulo
1618 4029 1816 4098 Imperatorem
1840 4027 1982 4083 T'beedosii

314 4101 340 4152 Ρ
341 4100 359 4150 Ῐ
361 4100 386 4150 Τ
383 4100 411 4149 Η
413 4099 462 4150 ΟΕ
469 4100 512 4151 VS
541 4114 727 4169 Valentiniani
739 4116 894 4170 Maioriani
906 4116 1045 4170 Antberuii
1062 4117 1180 4170 nemltae
1198 4116 1403 4170 mnnitnh'onss
1416 4119 1504 4169 XLII
1518 4133 1593 4171 nune
1607 4117 1727 4184 primum
1743 4116 1776 4168 in
1792 4117 1877 4170 lacem
1894 4114 1982 4169 editius

366 4169 449 4231 1571

338 4256 417 4319 (Pau.
430 4256 482 4315 cd.)

535 4200 665 4269 (Haenel,
684 4220 746 4256 nov.
764 4207 851 4258 const.
870 4221 896 4272 p.
910 4208 994 4257 XVIII
1005 4204 1058 4272 sq.)
1085 4204 1212 4258 novellas
1235 4208 1315 4259 extra
1339 4201 1510 4258 Breviarium
1538 4207 1665 4258 servatas
1690 4202 1787 4258 eodem
1809 4200 1905 4256 ordine
1927 4200 1980 4254 dis

536 4287 642 4357 positas
660 4290 811 4358 eademque
830 4290 918 4344 forma
936 4290 1051 4346 exhibet
1069 4292 1155 4358 atque
1167 4290 1315 4343 Parisinus
1327 4296 1395 4344 4420
1411 4289 1502 4354 (nobis
1514 4290 1555 4355 Δ).
1589 4289 1678 4358 Typis
1696 4287 1770 4343 euim
1788 4288 1982 4358 exprimuntur

536 4373 751 4430 constitutiones
769 4393 828 4440 eae,
847 4393 917 4444 quas
935 4375 963 4429 in
982 4375 1118 4432 laterculo
1137 4395 1164 4446 p.
1178 4381 1239 4430 XIX
1251 4394 1311 4444 sqq.
1329 4375 1474 4446 proposito
1491 4376 1542 4430 sub
1561 4375 1665 4430 litteris
1677 4375 1728 4442 Ab)
1746 4378 1777 4430 et
1795 4375 1827 4442 C)
1845 4372 1980 4438 dedimus,

535 4460 646 4515 scilieet
663 4460 765 4517 tertiae
783 4462 909 4532 syllegae
929 4462 1138 4518 Theudosianas
1155 4468 1271 4527 XII-L,
1290 4462 1415 4532 exceptis
1433 4466 1516 4516 XVII.
1530 4466 1637 4515 XXIIII.
1650 4465 1748 4514 XXXV
1766 4462 1809 4527 (ε
1822 4461 1927 4516 Theed.
1941 4461 1980 4526 12,

536 4546 647 4601 Valent.
662 4548 702 4602 17.
715 4548 762 4602 26:
787 4549 851 4604 vide
872 4567 900 4618 p.
917 4552 1037 4616 XLVII),
1062 4552 1091 4604 et
1112 4548 1318 4604 Anthemiauae
1337 4553 1427 4602 I-III.
1470 4547 1510 4601 Ex
1535 4546 1637 4615 quibus
1661 4546 1755 4603 editae
1778 4545 1835 4602 iam
1860 4552 1941 4602 erant
1964 4565 1982 4601 a

537 4631 651 4687 Cuiaeie
673 4632 748 4699 (vide
767 4651 794 4702 p.
808 4636 915 4703 LXVII)
934 4635 1070 4699 XVIIII‚2
1089 4635 1133 4702 (=
1151 4635 1226 4689 Pith.
1244 4635 1286 4689 ed.
1299 4639 1398 4688 XVIII:
1418 4633 1529 4688 Valent.
1542 4634 1566 4697 8,
1580 4634 1607 4698 2)
1626 4664 1657 4673 -
1676 4638 1763 4687 XXXI
1783 4634 1827 4701 (=
1845 4632 1921 4686 Pith.
1939 4633 1981 4688 ed.

536 4722 636 4771 XXIX:
655 4718 760 4773 Theed,
772 4721 816 4787 24)
834 4751 867 4759 —
885 4725 985 4775 XXXII
999 4724 1043 4787 (=
1056 4720 1132 4776 Pith.
1146 4720 1187 4776 ed.
1201 4726 1288 4775 XXX:
1309 4720 1413 4776 Theed.
1427 4722 1471 4786 25)
1490 4749 1523 4758 -
1541 4724 1655 4774 XXXIII
1673 4723 1716 4787 (=
1735 4719 1810 4774 Pith.
1826 4720 1868 4773 ed.
1881 4723 1981 4773 XXXI:

537 4804 642 4860 Theod.
655 4805 699 4871 26)
713 4835 746 4844 -
759 4810 882 4860 XXXVII
896 4809 939 4873 (=
953 4807 1027 4862 Pith.
1041 4807 1083 4863 ed.
1097 4812 1236 4861 XXXIIII:
1250 4808 1362 4862 Valent.
1372 4807 1416 4874 28)
1429 4836 1464 4847 -
1476 4810 1626 4860 XXXVIIII
1639 4808 1681 4874 (=
1696 4804 1769 4861 Pith.
1780 4806 1822 4861 ed.
1836 4806 1982 4876 [XJXXVII

537 4890 611 4960 [sielz
631 4890 806 4957 Valentsst).
843 4892 874 4945 Iu
898 4892 1012 4947 edendis
1033 4911 1081 4948 sex
1104 4893 1223 4949 novellis
1245 4893 1326 4948 modo
1353 4892 1523 4949 enumeratis
1546 4892 1679 4947 Pithoeus
1703 4891 1845 4947 codicisrl
1873 4896 1982 4948 textum

538 4978 579 5044 (iu
598 4977 756 5031 universum
779 4978 869 5033 multo
888 4978 1030 5035 meliorem
1049 4978 1212 5049 Cuiaeiane)
1230 4979 1364 5036 edit-ienis
1386 4978 1524 5050 principis
1547 4977 1716 5035 lectionibus
1738 4977 1785 5033 hic
1804 4977 1865 5032 illie
1887 4977 1984 5047 explet

539 5065 583 5119 vel
603 5062 734 5118 emendat
753 5064 796 5118 vel
816 5066 977 5136 corrumpit,
996 5066 1025 5121 id
1043 5068 1118 5135 qued
1136 5068 1265 5137 exempla
1282 5066 1418 5122 nonnulla
1435 5065 1563 5120 subiecta
1580 5064 1776 5120 illustrabunt:

620 5183 726 5239 Theod.
744 5185 786 5248 24,
796 5186 830 5239 23
882 5190 983 5255 utpote
1001 5188 1106 5257 merae]
1121 5189 1151 5251 Δ,
1170 5191 1271 5256 utpote
1289 5204 1373 5255 super
1391 5188 1507 5239 exactae
1521 5184 1594 5240 Pitt.
1608 5184 1649 5240 cd.
1661 5201 1693 5239 sa
1706 5185 1764 5239 Oai.
1777 5184 1814 5239 ed.
1829 5194 1843 5239 1

659 5300 690 5310 —
744 5273 785 5335 25,
796 5274 839 5339 718
882 5271 1041 5327 inlustrium
1146 5272 1374 5341 silentiariomm]
1389 5272 1460 5326 Pith.
1472 5269 1627 5325 sd.en0ni.
1640 5270 1677 5325 ed.
1689 5281 1710 5338 1,
1728 5272 1808 5325 enta

658 5389 691 5398 -
744 5361 831 5426 25,13
883 5358 1027 5427 laxius]rl,
1046 5359 1318 5416 latissimarum
1333 5358 1467 5414 Gni.rd.1
