4959 6134
1111 560 1313 620 -XVl-.

574 722 794 779 Constitutiones
810 722 845 777 83
863 725 992 777 numerat
1005 727 1031 784 Γ,
1049 720 1158 775 omissis
1175 725 1206 776 et
1223 720 1252 774 in
1271 719 1363 775 indice
1381 722 1411 775 et
1429 719 1457 774 in
1476 721 1610 776 contextu
1627 720 1738 791 legibus
1754 722 1874 778 novellis
1893 724 1934 779 15.

488 812 529 866 16.
547 811 594 865 34:
618 828 688 879 ques
711 807 776 864 libri
797 814 818 860 Γ
841 807 931 863 ordini
954 808 1102 864 titulorum
1126 825 1176 862 suo
1198 824 1339 877 quamque
1360 806 1421 862 loco
1447 806 1597 862 secundum
1615 804 1783 864 Cuiacianas
1809 810 1934 874 schedas,

487 896 727 968 Phillippsianum
746 896 814 951 1735
833 898 863 951 et
880 895 1009 964 syllogen
1025 894 1140 950 tertiam
1158 892 1271 950 inserui.
1306 893 1474 949 Haenelium
1491 891 1581 964 igitur
1597 898 1709 949 secutus
1726 911 1782 950 non
1800 914 1861 951 sum
1879 894 1935 951 uisi

487 984 516 1038 in
529 982 778 1040 constitutionibus
790 981 901 1037 28-31
916 980 1085 1046 ordinandis,
1103 999 1220 1050 quarum
1243 980 1311 1036 ordo
1328 979 1358 1035 in
1376 979 1448 1035 libro
1462 986 1483 1032 Γ
1498 978 1613 1049 eiusque
1631 980 1786 1051 archetypo
1804 982 1935 1037 turbatus

487 1073 538 1125 est
573 1069 628 1125 Sed
651 1068 786 1125 dissentio
809 1069 846 1124 ab
869 1086 915 1133 eo,
938 1067 988 1137 qui
1007 1068 1223 1123 Valentinianae
1244 1066 1370 1123 rubricas
1393 1083 1487 1122 omnes
1509 1067 1544 1121 ed
1567 1064 1627 1121 dies
1650 1066 1798 1138 redegerit.
1835 1068 1935 1124 Melius

487 1155 561 1210 enim
580 1154 699 1221 fecisset,
717 1154 740 1208 si
753 1153 1020 1224 transpositionibus
1033 1152 1078 1208 his
1091 1152 1275 1208 abstinuisset
1293 1152 1396 1207 libmm
1413 1154 1526 1207 secutus
1537 1150 1579 1207 ibi
1592 1169 1710 1221 quoque,
1730 1152 1779 1208 ubi
1797 1154 1935 1210 adierum

488 1240 583 1296 ordine
601 1240 719 1296 recedit:
737 1258 804 1295 nam
821 1238 980 1294 huiusmodi
998 1256 1103 1295 errores
1121 1238 1336 1309 proficiscuntur
1353 1238 1390 1294 ab
1409 1238 1470 1309 ipso
1489 1237 1619 1308 Corporis
1637 1237 1788 1296 conditore.
1824 1239 1878 1296 cui
1894 1240 1936 1297 rei

487 1330 652 1398 argumento
669 1330 735 1381 sunt
752 1326 821 1391 loci,
844 1343 913 1395 quos
936 1324 1152 1382 constitutiones
1171 1324 1282 1380 13-20
1305 1328 1336 1380 et
1359 1325 1389 1380 in
1408 1324 1551 1380 Breviario
1573 1324 1702 1381 obtinent
1726 1329 1757 1380 11
1778 1324 1808 1380 in
1826 1326 1935 1397 sylloge

487 1413 582 1479 tertia,
604 1412 653 1468 ubi
672 1415 783 1467 tantum
804 1414 836 1467 16
854 1415 883 1468 11
901 1413 933 1465 17
952 1409 1231 1481 transposuerunt,
1250 1413 1284 1464 ut
1300 1411 1453 1466 laterculus
1471 1410 1615 1465 subiectus
1632 1410 1848 1466 demonstrabit:

630 1644 718 1701 editio
736 1650 831 1701 nostra
926 1643 989 1714 syll.
1008 1644 1100 1715 prima
1228 1599 1438 1743 Brearettiawss'
1515 1644 1689 1700 Haeneliana
1707 1644 1794 1701 editio

927 1858 947 1903 Γ
963 1851 1030 1905 XIII
1561 1851 1672 1906 Valent.
1687 1853 1721 1907 18

929 1944 950 1989 Γ
966 1938 1046 1992 XIIII
1600 1965 1635 1975 -
1688 1937 1721 1991 13

874 2024 1014 2088 deficitl',
1041 2042 1132 2080 serva·
1569 2023 1721 2078 ’11111126

909 2093 952 2149 vit
979 2094 1134 2149 Cuiaciana

909 2163 1013 2217 scheda
1024 2167 1089 2232 post
1101 2165 1134 2218 14

875 2246 970 2304 deficit
987 2253 1016 2311 Γ;
1039 2266 1134 2303 nume-

908 2317 1135 2386 rumldpraebet

908 2384 1057 2456 Phillippa
1067 2386 1134 2443 1785

926 2478 948 2524 Γ
962 2471 1015 2526 XV

927 2564 948 2609 Γ
964 2557 1029 2612 XVI
1247 2557 1327 2612 Brer.
1342 2556 1367 2610 ll

927 2651 948 2696 Γ
964 2644 1043 2699 XVII
1248 2644 1327 2698 Brev.
1341 2640 1381 2696 Ill

928 2737 949 2783 Γ
964 2729 1057 2785 XVIII
1248 2728 1339 2782 XXVI

928 2823 949 2869 Γ
964 2816 1072 2870 XVIIII
1248 2815 1330 2870 Brev.
1343 2815 1398 2868 IIII

928 2959 949 3005 Γ
964 2952 1084 3007 XXVIII

929 3047 950 3092 Γ
964 3039 1071 3093 XXVII

928 3132 949 3177 Γ
964 3124 1099 3180 XXVIIII

929 3219 950 3265 Γ
964 3211 1056 3266 XXVI

929 3303 950 3349 Γ
964 3295 1041 3350 XXX

928 3389 949 3435 Γ
964 3383 1054 3437 XXXI

927 3469 1023 3525 deficit
1044 3475 1063 3521 Γ

929 3563 950 3608 Γ
964 3555 1069 3610 XXXII

929 3648 950 3694 Γ
965 3640 1084 3696 XXXIII

1249 2952 1382 3007 XXXVII

1248 3038 1394 3093 XXXVIII

1248 3123 1367 3178 XXXVI

1246 3212 1326 3266 Brcv.
1338 3209 1419 3263 VIIII

1245 3298 1325 3351 Brsv.
1339 3296 1364 3349 X

1245 3384 1327 3438 Brev.
1341 3382 1379 3436 XI

1246 3468 1293 3523 XL

1245 3556 1324 3610 Brev.
1339 3555 1390 3609 XII

1245 3640 1405 3695 XXXVIIII

945 3863 980 3928 0.
1015 3864 1185 3929 Maioriani
1207 3862 1299 3949 leges
1322 3862 1480 3926 novellae.

575 3984 719 4054 Incipiunt
736 3983 765 4038 in
784 3984 880 4040 codice
894 3991 915 4036 Γ
930 4001 948 4038 a
960 3984 1052 4040 verbis
1063 3983 1093 4054 (1.
1104 3984 1191 4053 nep:
1212 3982 1296 4036 111111
1315 3983 1397 4053 lepam
1414 3983 1579 4037 novellarum
1591 3983 1647 4038 dini
1664 3985 1808 4040 11ιαί1111111
1820 3988 1934 4054 amiati,

488 4072 617 4140 sequitur
633 4070 716 4126 index
734 4069 967 4126 constitutionum
986 4067 1149 4134 duodecim,
1167 4086 1285 4138 quarum
1304 4072 1451 4125 contextus
1468 4087 1516 4124 sex
1535 4069 1639 4140 primas
1657 4070 1782 4141 integras
1800 4071 1936 4128 habetet

487 4158 625 4228 septimae
643 4156 826 4228 principium,
846 4173 934 4212 vacua
957 4156 1058 4211 deinde
1076 4154 1181 4211 codicis
1200 4153 1307 4226 pagina
1331 4155 1432 4212 relicta
1449 4159 1548 4226 utpote
1571 4156 1706 4227 descripti
1725 4173 1758 4212 ex
1777 4157 1933 4229 archetypo

488 4242 597 4299 mutilo.
633 4242 772 4298 ltnbriccs
790 4246 856 4298 sunt
874 4243 939 4297 hae:

592 4348 615 4401 1.
651 4347 703 4402 458
721 4347 778 4401 lan.
794 4349 824 4401 11
899 4347 933 4401 dc
950 4352 1013 4401 ortu
1030 4346 1136 4415 imperii
1154 4349 1207 4402 cet.

592 4434 617 4488 2.
652 4434 704 4489 458
723 4433 852 4489 1111110
901 4432 935 4487 dc
952 4431 1312 4502 1111791111111νά111111111

590 4520 616 4573 3.
651 4519 704 4575 458
720 4519 816 4575 Mais
901 4516 934 4574 dc
950 4518 1131 4585 defensoribus
1150 4519 1295 4574 civitatum.

590 4607 616 4660 4.
650 4606 703 4660 458
721 4605 773 4661 Iul.
786 4607 817 4661 11
898 4605 931 4661 dc
948 4605 1079 4673 aediliciis
1095 4605 1216 4675 publicis.

592 4693 618 4746 5.
653 4691 705 4746 458
723 4691 830 4762 Septi
903 4691 937 4747 dc
954 4691 1031 4747 bonis
1048 4692 1156 4746 caducis
1173 4695 1226 4748 cet.

591 4778 616 4831 6.
651 4777 703 4831 458
722 4776 783 4832 011.
796 4778 830 4833 16
901 4777 933 4833 dc
950 4777 1271 4833 assecurationem.

593 4862 617 4915 7.
653 4863 705 4919 458
723 4863 825 4920 Nocti
901 4864 934 4919 dc
950 4864 1098 4920 cunalibus
1115 4867 1182 4918 cst:
1210 4869 1231 4915 Γ
1255 4862 1349 4918 deflcIt
1374 4864 1438 4932 post
1461 4861 1553 4932 prims
1577 4863 1673 4930 verba;
1702 4864 1811 4920 hiatum
1838 4864 1934 4933 explet

954 4950 1077 5022 epitome
1095 4947 1265 5004 Alariciana.

903 5037 935 5092 dc
951 5036 1054 5091 reddito
1070 5036 1131 5091 iare
1147 5051 1300 5090 ammam
1317 5035 1430 5090 rubrica
1441 5036 1522 5092 adest
1540 5036 1568 5092 in
1588 5043 1613 5105 Γ,
1633 5040 1780 5093 contextus
1792 5035 1887 5092 delicit
1905 5037 1934 5091 in

953 5122 1033 5179 libris
1050 5121 1162 5179 nostris

595 5211 621 5265 9.
655 5210 708 5264 451
726 5209 793 5279 Apr.
807 5210 840 5265 17
906 5209 940 5264 dc
957 5208 1109 5264 adulteriis:
1127 5208 1240 5264 rubrica
1253 5211 1296 5265 est
1313 5207 1341 5262 in
1356 5214 1382 5273 Γ,
1401 5212 1563 5266 contextum
1576 5209 1701 5267 servavit
1717 5209 1826 5279 sylloge
1839 5210 1933 5265 tertia.

578 5295 619 5351 10.
657 5335 794 5351 ......
904 5312 987 5367 ncqsoe
1007 5300 1154 5351 mmmm
1171 5299 1241 5352 cet:
1268 5294 1380 5351 rubrica
1405 5299 1485 5353 extat
1510 5297 1541 5353 in
1559 5304 1585 5363 Γ,
1613 5298 1760 5353 contextus
1785 5296 1880 5353 delicit
1904 5297 1934 5352 in

953 5381 1034 5441 libris
1051 5381 1163 5440 nostris.

592 5036 616 5091 8.
654 5077 791 5092 ......
