4959 6134
517 552 735 608 timonium
1213 554 1274 621 158
1409 553 1457 610 iiii
1473 554 1721 612 mnvuoan'ffls
1738 554 1966 625 antioioavii

518 724 678 795 provincias
695 724 880 780 discurrentes
898 724 1055 781 enormibus
1072 726 1272 783 exactionibus
1289 744 1473 798 possessorem
1486 726 1676 798 curialemqne
1690 728 1855 785 concutiunt
1873 734 1902 786 et
1920 730 1963 786 ita
1992 745 2019 784 ao

518 811 613 867 omnia
630 829 681 882 pro
699 812 817 867 arbitrio
836 828 902 866 suae
920 811 1146 882 depraedationis
1164 817 1341 882 extorquent,
1360 818 1400 879 ut,
1420 832 1482 869 cum
1501 814 1599 883 aliqua
1611 831 1676 884 pars
1689 820 1766 871 certa
1782 816 1828 872 vel
1844 815 1964 872 minima

517 898 639 968 publicis
657 898 819 968 conpendiis
836 898 986 962 inferatur,
1005 898 1121 969 duplum
1139 904 1190 955 aut
1208 899 1332 970 amplius
1348 899 1378 953 in
1396 899 1530 969 sportulis
1548 899 1648 955 avidus
1665 903 1696 954 et
1713 906 1882 972 praepotens
1899 920 1962 959 exe·

517 989 598 1040 cutor
624 984 756 1053 accipiat.
809 984 882 1038 Hinc
909 988 963 1050 eet,
995 986 1070 1054 quod
1099 991 1179 1043 vetus
1211 985 1390 1058 providentia
1412 985 1614 1057 dispositioque
1640 986 1790 1053 maiorum,
1816 1007 1902 1059 quam
1934 989 1964 1045 iu

517 1071 645 1126 omnibns
667 1070 810 1139 sequimur
834 1075 919 1140 atque
945 1090 1116 1142 reparemus,
1135 1073 1358 1143 provincialibus
1375 1072 1488 1128 iudiciis
1507 1074 1669 1142 exequenda
1692 1074 1842 1141 commisit,
1861 1075 1964 1145 quibus

517 1157 709 1213 adnitentibus
727 1174 777 1227 per
794 1157 967 1227 singularum
986 1158 1140 1229 municipes
1158 1159 1307 1215 civitatum
1330 1159 1520 1215 moderatione
1543 1159 1691 1216 tractabili
1717 1160 1856 1217 fiscalium
1873 1161 1963 1218 tribu·
1993 1182 2018 1222 ts

517 1247 609 1299 torum
627 1243 815 1300 celebraretur
825 1244 939 1299 inlatio:
958 1263 1041 1314 quam
1053 1246 1076 1299 si
1088 1246 1216 1301 acerbius
1228 1246 1343 1301 humilis
1361 1250 1499 1316 notusque
1518 1246 1667 1316 conpulsor
1684 1264 1734 1317 pro
1752 1248 1796 1302 sni
1815 1247 1965 1319 conpendii

517 1329 645 1385 utilitate
668 1334 830 1396 tractasset,
854 1332 1001 1387 confestim
1023 1333 1289 1402 depraedationibus
1312 1338 1474 1389 vexatorum
1497 1332 1578 1388 aditu
1602 1332 1758 1403 audituque
1780 1333 1874 1390 facilis
1899 1353 1963 1406 pro·

519 1415 628 1472 vinciae
647 1416 775 1488 cognitor
794 1417 963 1473 subveniret.
998 1418 1080 1473 Nunc
1099 1437 1163 1474 vero
1181 1420 1373 1475 canonicarios
1391 1418 1542 1489 superioris
1559 1418 1682 1476 militiae
1699 1420 1871 1477 auctoritate
1881 1421 1962 1477 terri·

517 1502 589 1558 biles
606 1507 636 1558 et
653 1502 683 1557 in
701 1503 917 1572 provincialium
930 1503 1037 1560 viscma
1054 1509 1084 1560 et
1101 1505 1203 1561 damrm
1221 1505 1415 1562 desaevientes
1432 1523 1484 1561 nec
1501 1523 1618 1576 arguere
1635 1505 1786 1576 qnisquam
1803 1507 1880 1578 apud
1898 1524 1962 1577 pro·

519 1587 679 1645 vincialium
698 1589 819 1646 iudicem
836 1595 938 1660 potest,
957 1609 1019 1646 cum
1037 1591 1184 1661 resupinae
1202 1591 1383 1663 adpariturae
1403 1596 1432 1647 et
1449 1596 1542 1648 totum
1558 1591 1613 1647 sibi
1632 1592 1667 1649 de
1685 1592 1836 1663 superioris
1854 1592 1962 1664 cinguli
1991 1614 2018 1653 so

517 1675 631 1731 fastidio
658 1675 815 1732 blandienti
838 1680 965 1747 potestas
987 1677 1170 1748 provincialis
1193 1678 1328 1734 examinis
1352 1678 1480 1735 subiecta
1500 1680 1653 1735 famuletur
1678 1697 1730 1736 nec
1749 1680 1783 1736 de
1801 1678 1964 1751 longinquis

518 1762 679 1832 provinciae
702 1762 864 1834 regionibus
886 1781 951 1818 cum
972 1781 1074 1835 magno
1097 1770 1259 1841 sumptuum
1286 1782 1526 1835 expensarumque
1549 1765 1719 1823 detrimento
1742 1766 1779 1821 ad
1797 1765 1965 1822 comitatum

519 1854 643 1904 nostrum
662 1849 756 1905 venire
774 1849 879 1906 audeat
897 1850 945 1905 ille
963 1850 1012 1919 qui
1030 1851 1165 1919 queritur,
1184 1851 1229 1907 cui
1251 1852 1302 1906 sub
1320 1852 1389 1906 duro
1402 1850 1561 1921 patientiae
1573 1851 1684 1922 gemitu
1695 1851 1871 1921 tolerabilior
1889 1851 1965 1906 side-

519 1941 565 1993 tur
587 1935 769 2005 depraedatio
794 1936 946 1992 saevientis
968 1954 1053 2005 quam
1075 1937 1127 1992 sub
1151 1955 1253 2007 magno
1272 1937 1477 1993 observationis
1494 1937 1669 1993 incommodo
1687 1937 1865 1994 sustinendus
1882 1937 1961 2008 inpe-

519 2023 636 2078 trandae
654 2021 769 2077 ultionis
787 2028 911 2079 eventus.
947 2023 1020 2077 Hinc
1038 2027 1089 2089 est,
1107 2024 1181 2092 quod
1200 2041 1251 2093 per
1268 2023 1401 2078 iniuriam
1426 2024 1624 2094 conpulsorum
1647 2023 1801 2080 destitutae
1820 2023 1966 2080 ordinibus
1993 2043 2019 2084 st

520 2109 651 2165 civitates
672 2109 802 2165 idoneum
822 2113 965 2178 nequeunt
985 2109 1090 2166 habere
1112 2109 1258 2175 curialem,
1277 2111 1352 2179 quod
1370 2110 1542 2181 exigentium
1570 2108 1723 2166 atrocitate
1740 2109 1884 2181 perterriti
1901 2128 1964 2181 pos·

520 2213 637 2252 sessores
655 2194 770 2266 propria
787 2212 852 2251 rura
869 2196 1042 2265 destituunt,
1060 2214 1124 2251 cum
1140 2214 1196 2251 non
1215 2196 1273 2252 iam
1291 2196 1405 2253 amissio
1425 2198 1610 2260 fortunarum,
1628 2197 1678 2252 sed
1695 2213 1779 2253 saeva
1791 2196 1921 2253 custodia
1939 2201 1970 2252 et

520 2282 730 2353 suspendiorum
757 2283 909 2340 crudelitas
933 2282 1111 2352 formidatur,
1140 2300 1212 2353 quae
1236 2282 1344 2339 inmitis
1372 2283 1517 2355 adparitor
1544 2287 1574 2339 et
1597 2281 1725 2338 executio
1754 2282 1889 2342 militaris
1917 2300 1968 2353 pro

520 2370 664 2425 commodo
689 2386 757 2425 suae
783 2370 949 2440 cupiditatis
976 2373 1094 2427 exercet.
1138 2370 1179 2424 Ac
1201 2387 1237 2424 ne
1267 2370 1384 2425 ulterius
1408 2369 1649 2426 canonicariorum
1673 2368 1782 2426 venalis
1808 2368 1967 2440 inprobitas

521 2456 643 2527 publicis
659 2456 779 2511 fortunis
796 2456 899 2512 inferat
916 2457 1090 2527 privatisque
1111 2455 1306 2527 dispendium,
1326 2456 1414 2513 veteri
1437 2474 1513 2512 more
1534 2464 1665 2512 revocato
1684 2455 1892 2525 provinciarum
1909 2472 1967 2511 rec·
1994 2478 2022 2519 re

521 2549 595 2599 tores
621 2542 804 2599 celebrandae
832 2543 986 2598 exactionis
1013 2560 1120 2598 summa
1145 2543 1293 2614 respiciat,
1321 2561 1372 2613 per
1397 2560 1515 2612 qnorum
1547 2542 1641 2599 officia
1666 2542 1811 2614 profligari
1837 2541 1968 2599 iubemus

519 2646 626 2684 annuas
642 2628 813 2693 functiones,
836 2629 879 2685 ita
902 2633 934 2684 ut
951 2647 969 2685 a
986 2629 1167 2685 duodecimae
1186 2629 1350 2685 indictionis
1368 2630 1450 2686 initio
1474 2629 1569 2685 nullus
1587 2629 1625 2685 ad
1642 2628 1818 2700 provinciam
1835 2628 1965 2701 magnifi-

521 2715 631 2771 centiae
648 2718 716 2771 tuae
734 2715 937 2781 canonicariae,
958 2716 1052 2771 nullus
1074 2716 1230 2787 palatinus,
1253 2717 1347 2773 nullus
1369 2720 1495 2773 armatae
1513 2715 1665 2787 potestatis
1693 2715 1822 2772 minister
1838 2715 1966 2781 accedat,

520 2802 569 2858 sed
585 2801 716 2859 universa
732 2802 851 2868 fiscalia,
872 2820 945 2873 quae
972 2803 1007 2859 de
1029 2802 1182 2874 provinciis
1199 2804 1339 2874 speranda
1356 2807 1433 2869 sunt,
1455 2820 1506 2874 per
1523 2803 1647 2859 locorum
1671 2802 1778 2859 iudices
1801 2802 1966 2867 inferantm,

521 2906 591 2958 quos
612 2892 663 2944 ant
683 2889 879 2962 neglegentiae
897 2890 983 2960 culpa
999 2889 1133 2960 respiciet
1155 2893 1206 2945 ant
1229 2890 1290 2945 lans
1308 2889 1435 2945 manebit
1454 2888 1621 2957 industriae,
1640 2888 1682 2945 ita
1700 2893 1733 2945 ut
1751 2888 1823 2960 ipsis
1839 2889 1966 2946 medere
1995 2910 2020 2949 ss

488 2977 505 3033 8
522 2976 630 3032 toribus
648 2976 685 3032 ad
702 2978 906 3034 admonendum
928 2975 1122 3032 tantummodo
1145 2976 1269 3031 directus
1290 2980 1422 3032 executor
1445 2974 1589 3031 inmineat.
1663 2975 1700 3031 iii
1717 2975 1786 3045 quia
1803 2978 1896 3032 totum
1914 2993 1966 3047 pro

521 3064 643 3120 remedio
666 3063 831 3136 possessoris
856 3064 992 3120 serenitas
1016 3066 1112 3120 nostra
1138 3063 1299 3127 constituit,
1329 3080 1413 3131 quem
1441 3062 1612 3118 tributorum
1643 3062 1739 3133 gratia
1767 3062 1966 3119 solvendorum

520 3153 614 3224 finges
631 3168 696 3207 suas
712 3151 764 3205 sub
782 3150 995 3220 opportunitate
1014 3150 1180 3204 vendentem
1198 3150 1326 3205 volumus
1344 3167 1395 3219 per
1412 3147 1546 3219 temporis
1564 3148 1717 3205 intervalla
1739 3148 1869 3215 refoveri,
1888 3149 1965 3206 trina

521 3257 691 3312 perannum
709 3236 771 3294 vice
789 3238 963 3310 singularum
980 3236 1166 3293 indictionum
1184 3236 1330 3305 quantitas
1352 3235 1491 3305 speranda
1513 3235 1640 3292 solvatur
1661 3238 1691 3290 et
1713 3235 1965 3306 quadrimenstruis

521 3326 705 3382 inlationibus
725 3341 835 3380 annuae
853 3324 1005 3381 functionis
1023 3324 1180 3380 celebretur
1197 3322 1316 3387 exactio,
1335 3321 1414 3377 cuins
1432 3338 1582 3389 summam,
1603 3321 1646 3378 ita
1669 3328 1702 3379 ut
1727 3321 1892 3378 didinctum
1911 3325 1963 3387 est,
1993 3338 2022 3379 eo

487 3408 506 3461 4
522 3411 706 3467 moderatoris
723 3413 868 3470 adnitente
886 3411 1036 3483 diligentia
1053 3413 1089 3467 ad
1107 3429 1201 3467 arcam
1220 3411 1347 3466 volumus
1365 3426 1488 3480 congrua
1505 3408 1652 3465 exactione
1674 3406 1837 3463 transmitti.
1914 3406 1969 3463 Ha·

523 3687 562 3745 88
586 3689 742 3758 enormibus]
757 3696 789 3757 Γ,
819 3694 1015 3759 enorinibuse,
1045 3694 1175 3746 enioribus
1189 3693 1220 3756 a,
1273 3686 1355 3753 44ί48
1372 3690 1559 3757 inpetrandal'
1653 3683 1691 3739 48
1707 3682 1889 3752 ιιῒιοοίῐιιίοᾙζ
1907 3701 1970 3738 auc·

524 3763 645 3813 oneribus
658 3762 694 3825 Ψ,
712 3763 856 3813 senioribus
867 3763 985 3814 &stedi
1083 3761 1118 3815 81
1138 3769 1221 3814 extor-
1272 3757 1593 3812 paenitenitiam
1665 3752 1802 3823 perterriti]
1822 3756 1909 3821 per-riti
1922 3754 1969 3821 Pb,

524 3839 605 3897 quent
616 3839 645 3883 ut
656 3827 725 3898 curn]
740 3829 795 3881 cai.
805 3832 844 3883 ed.
852 3838 874 3895 1,
891 3838 1046 3897 extorquent
1061 3840 1123 3883 tunc
1134 3835 1160 3896 P,
1178 3848 1222 3883 ex·
1272 3831 1345 3897 periti
1356 3833 1394 3878 Γ·
1480 3823 1516 3879 ti
1534 3824 1606 3892 rura]
1620 3826 1677 3878 iura
1690 3825 1766 3877 ΨΘΩ
1776 3823 1896 3876 tisim

524 3900 698 3966 torquentium
716 3916 775 3952 cnm
790 3901 863 3951 ΨΘΩ
933 3898 1011 3967 certa]
1027 3901 1104 3962 ΨΘΩ,
1122 3902 1226 3953 cerial'
1272 3899 1411 3950 distitnunt
1424 3898 1475 3948 ΨΘ
1534 3894 1596 3961 iam]
1615 3902 1669 3948 tam
1680 3895 1731 3945 ΨΘ
1788 3894 1884 3945 amisso
1897 3892 1971 3943 ΨΘΩ

576 3966 613 4022 it
631 3966 777 4037 puniieiitb
850 3970 1125 4037 inpiumacuienr
1193 3970 1221 4020 in
1325 3962 1407 4032 tilis
1425 3982 1503 4017 saeua
1520 3982 1542 4017 c.
1561 3974 1587 4017 et
1603 3963 1799 4031 suspendiorum
1811 3960 1925 4027 (dorum
1934 3960 1970 4028 Γ)

524 4055 573 4090 orn.
589 4038 659 4088 ΨΘΩ
710 4035 749 4092 88
765 4039 876 4106 accipiet
893 4040 943 4091 boc
959 4040 1033 4091 satit
1089 4035 1126 4091 84
1142 4046 1221 4104 atque
1273 4032 1419 4101 crudelitas]
1433 4037 1468 4101 cf.
1476 4053 1533 4087 non.
1542 4034 1668 4098 Valenti,
1677 4036 1741 4095 itio
1818 4027 1855 4084 48
1873 4030 1971 4083 inmitis

525 4125 578 4175 rep.
594 4108 816 4173 pr.iudiciis(cis
827 4108 861 4171 Γ)
880 4125 929 4160 om.
944 4110 991 4158 ΨΘ
1059 4104 1220 4174 exequenda]
1272 4107 1330 4173 adp.
1343 4117 1369 4157 et
1381 4122 1403 4156 e.
1416 4101 1544 4171 militaris]
1557 4105 1592 4172 cs.
1603 4120 1660 4154 nou.
1676 4100 1874 4165 Velamenta

525 4186 551 4229 et
567 4179 699 4242 sequenda
712 4178 763 4229 ΨΘ
831 4174 1063 4243 dbadnitentibus]
1078 4183 1104 4228 et
1120 4176 1222 4228 nitenti·
1275 4171 1312 4226 48
1330 4171 1484 4240 cupiditatis]
1504 4172 1669 4241 pietatis²l¹8
1742 4166 1895 4237 inprobitas]
1913 4185 1971 4236 pro·

525 4246 604 4298 busa
618 4245 849 4299 aerariam
948 4246 1119 4298 tractabilis-ii
1273 4245 1374 4295 bitasl'
1432 4238 1465 4294 81
1480 4238 1588 4309 summa]
1601 4241 1724 4293 suinai·
1772 4240 1907 4306 profligare
1916 4241 1940 4288 1·

525 4312 563 4367 88
580 4315 724 4367 celebretur
741 4316 802 4367 libri
853 4317 973 4369 acernias
987 4318 1036 4366 ΨΘ
1104 4312 1139 4368 ti
1158 4321 1222 4366 trac-
1274 4310 1310 4365 ia
1328 4309 1354 4378 a]
1373 4311 1442 4371 adl',
1461 4328 1509 4362 ona
1522 4312 1593 4361 ΨΘΩ
1645 4309 1809 4361 duodecimae
1823 4307 1972 4360 indictionis

527 4380 614 4450 amet]
632 4391 758 4437 amnem
775 4393 802 4437 et
815 4386 886 4436 ntea
897 4385 1019 4436 ciendi
1119 4390 1223 4436 uexato
1275 4381 1456 4446 (indistinete,
1468 4380 1590 4431 indicitur
1597 4373 1868 4444 adminicutante
1877 4376 1972 4441 ειμι]

525 4449 592 4519 rum]
612 4453 655 4505 uel
673 4461 821 4507 exactorum
836 4455 888 4505 ΨΘ
946 4450 1096 4519 audituque]
1115 4454 1222 4504 aditum·
1326 4450 1414 4502 nullus
1517 4445 1555 4501 88
1571 4448 1747 4501 canonicariae
1765 4463 1813 4497 orn.
1828 4442 1971 4498 ΨΘΩΟιιιὶ

525 4537 576 4588 qne
590 4525 612 4570 Γ
695 4521 788 4590 facilis]
806 4523 963 4588 scripsimus,
981 4524 1110 4587 facilesl',
1127 4523 1222 4574 fiscalis
1274 4520 1336 4572 edi
1405 4515 1442 4570 88
1458 4515 1580 4585 amatae]
1599 4517 1762 4569 armatulel'
1827 4512 1865 4569 88
1881 4510 1971 4583 eulpa]

527 4591 591 4655 ΨΘ,
616 4592 899 4645 fiscaliumlwuiedl
1002 4589 1040 4645 88
1057 4588 1222 4659 cognitor]l',
1274 4589 1367 4641 cursil
1379 4585 1498 4639 eiciens
1549 4583 1677 4655 respiciet]
1687 4586 1843 4651 scripsimus,
1851 4585 1973 4652 respiciat

526 4661 646 4727 cognitus
659 4662 735 4712 ΨΘΩ
838 4658 922 4726 88188
940 4662 1060 4714 terribilis
1075 4660 1145 4710 ΨΘΩ
1276 4658 1337 4709 libri
1404 4655 1693 4708 indusaiastoiaedi
1755 4651 1793 4707 88
1810 4661 1883 4707 tanto
1895 4653 1972 4706 modo

526 4727 563 4782 88
587 4726 772 4797 desaeuientes]
792 4730 906 4792 Hunni,
934 4731 965 4782 de
992 4748 1020 4783 se
1045 4730 1222 4792 uenientesl',
1277 4730 1297 4777 Θ
1349 4724 1384 4779 ti
1397 4722 1520 4791 remedio]
1532 4726 1608 4777 redeo
1620 4729 1660 4775 Γ·
1711 4722 1976 4775 seraiasnoetraei'

526 4800 669 4852 uenientes
683 4800 759 4850 ΨΘΩ
770 4799 825 4851 cisi.
833 4800 894 4851 ecl-1
979 4795 1063 4865 talto
1080 4799 1223 4866 prouincia·
1327 4793 1363 4849 88
1381 4792 1579 4863 opportunitate]
1593 4798 1621 4859 Γ,
1638 4792 1836 4861 oportunitatem
1848 4792 1881 4858 a,
1897 4808 1971 4859 opor

526 4866 599 4936 lium]
614 4872 670 4932 ΓΨ,
707 4870 871 4922 mniucialem
885 4869 933 4919 eu
1034 4864 1072 4921 48
1089 4869 1223 4934 resupinae
1275 4867 1430 4919 tunitatibns
1443 4865 1494 4915 ΨΘ
1593 4860 1630 4916 88
1646 4862 1805 4929 singolorum
1817 4865 1864 4925 1¹⁸,
1882 4860 1972 4929 singu-

526 4886 706 5005 adpariturae]
716 4936 801 5003 Seeck,
819 4938 941 5005 resupina
952 4939 1136 5004 adparitores,
1154 4953 1223 4988 reau-
1276 4937 1323 4987 lari
1338 4935 1409 4986 ΨΘΩ
1461 4933 1672 5000 quadrimestrnis
1685 4935 1713 4995 Γ,
1730 4931 1972 4996 quadrumenstruia

526 5008 589 5074 pina
606 5008 745 5074 adparitori
753 5008 830 5058 ΨΘΩ
916 5002 951 5058 41
970 5003 1122 5072 blandienti]
1135 5005 1222 5069 Seeck,
1277 5005 1365 5056 ‘1¹⁸8ss
1435 5000 1473 5055 88
1490 5017 1573 5053 annae
1588 5000 1657 5052 Ψ·Θ
1730 5016 1830 5051 summa
1843 4997 1920 5050 ΨΘΩ

526 5076 688 5130 blandientes
700 5076 761 5128 libri
838 5077 949 5128 examini
962 5076 1016 5127 ΨΘ
1088 5076 1227 5142 lonquisl'
1275 5072 1310 5126 81
1330 5073 1501 5125 moderatores
1515 5070 1588 5122 ΨΘΩ
1683 5070 1815 5121 adnitente
1840 5067 1972 5131 Kadmo-

579 5141 616 5197 42
634 5146 814 5198 detrimentum
827 5149 851 5195 Γ
919 5142 956 5197 48
974 5140 1077 5210 audeat]
1094 5144 1224 5196 molamus
1276 5142 1451 5195 ηοιιιοιΨΘΩ
1460 5139 1583 5191 Ouiadi
1686 5138 1820 5205 diligentia
1844 5135 1892 5199 l'b,
1914 5137 1972 5190 ‹iiii-

526 5215 606 5266 andet
673 5216 767 5266 durum
785 5232 810 5281 p.
827 5216 951 5281 gemitum
966 5215 1042 5265 ΨΘΩ
1052 5214 1171 5266 taiadi
1274 5213 1365 5280 geneis
1378 5215 1423 5274 1¹⁸,
1441 5210 1600 5276 diligentiam
1615 5207 1687 5258 ΨΘΩ
1698 5206 1821 5259 taiadi
1877 5209 1970 5259 ascai

527 5283 694 5349 tolerabilior]
716 5284 865 5336 tollerabior
881 5282 927 5349 ΓΙ),
951 5284 1000 5336 sub
1021 5283 1169 5336 tollerabior
1187 5286 1223 5332 Γ*
1326 5278 1479 5347 congruitis
1496 5278 1655 5331 exactionem
1670 5276 1742 5327 ΨΘΩ
1753 5274 1875 5330 &aed-1

579 5349 616 5411 44
633 5354 813 5406 saeuientesit
887 5352 1138 5406 inanisinanes
1247 5401 1250 5412 ,
