4959 6134
517 575 664 629 vsaauu
683 578 708 629 ιι
726 574 786 631 aa
1221 577 1261 643 78
1462 572 1471 590 ·
1671 575 1719 629 ns
1736 572 1964 630 mammam

521 747 606 803 semel
626 747 777 803 adsciveris
795 748 824 802 in
842 746 1021 804 seminarium
1038 746 1219 818 dignitatum,
1245 764 1300 801 non
1318 746 1361 802 ita
1379 747 1527 802 adomnia
1544 763 1603 803 esse
1622 747 1789 813 defaecatos,
1807 753 1840 805 ut
1858 747 1964 803 idcirco
2007 774 2010 777 ·

486 839 503 891 2
521 834 599 905 digni
617 833 753 891 universis
765 834 916 889 honoribus
928 835 1093 898 habeantur,
1112 835 1186 902 quod
1205 833 1338 889 advocati
1356 851 1416 890 esse
1428 837 1594 889 manserunt.
1648 833 1756 897 Quibus
1773 836 1810 889 ad
1821 835 1964 905 agendmn

522 920 624 991 viginti
642 939 737 987 annos,
759 939 813 975 non
831 924 864 976 ut
881 920 1106 991 adpropinquare
1126 920 1301 985 vicesimum,
1326 920 1374 976 sed
1391 923 1425 974 ut
1442 920 1554 989 explere
1572 920 1614 974 fas
1632 919 1681 984 sit,
1704 919 1776 991 legis
1793 920 1878 975 huius
1895 938 1961 975 aue·
1992 939 2015 978 aa

521 1006 637 1062 toritate
666 1008 851 1071 decemimus;
879 1008 907 1062 in
936 1007 1154 1077 provincialibus
1183 1026 1246 1062 vero
1274 1006 1341 1061 foris
1367 1007 1390 1060 si
1418 1007 1538 1061 sedecim
1565 1011 1616 1062 aut
1643 1024 1675 1061 eo
1703 1006 1825 1077 amplius
1850 1025 1965 1062 numero

521 1093 652 1149 advocati
671 1095 735 1159 sint,
761 1113 845 1149 unum
864 1114 897 1149 ex
916 1094 973 1160 his,
997 1094 1044 1162 qui
1063 1094 1091 1148 in
1111 1095 1220 1165 agendo
1238 1111 1373 1149 annornm
1397 1111 1511 1149 numero
1529 1097 1667 1163 praestat,
1693 1094 1729 1148 ad
1756 1093 1965 1164 praetorianum

521 1181 623 1245 forum,
647 1181 670 1234 si
690 1182 743 1235 hoc
767 1181 945 1251 praefectura
967 1181 1077 1246 iubeat,
1096 1181 1209 1235 avocari
1233 1183 1320 1248 atque
1339 1198 1434 1234 omnes
1451 1180 1510 1234 eive
1529 1179 1673 1249 utriusque
1691 1179 1887 1251 praetorianae
1905 1180 1965 1235 sive

521 1267 645 1322 urbanae
668 1268 860 1337 praefecturae
884 1267 1039 1322 causidicos
1062 1268 1176 1337 expleto
1197 1266 1330 1321 vicesimo
1355 1268 1399 1321 vcl
1423 1267 1460 1322 ad
1482 1266 1569 1321 alium
1592 1264 1667 1321 vitae
1691 1283 1801 1320 cursum
1825 1266 1963 1322 maturius

521 1356 697 1408 transeuntes
721 1354 819 1422 quinto
844 1354 952 1409 decimo
977 1353 1170 1409 advocationis
1194 1370 1267 1408 anno
1296 1352 1418 1408 vicariae
1443 1352 1591 1424 dignitatis
1615 1354 1786 1423 potestatem
1812 1371 1893 1424 posse
1917 1353 1963 1408 ob·
1991 1374 2016 1413 so

522 1440 623 1504 tinere,
649 1441 691 1495 ita
714 1444 746 1494 ut
770 1440 798 1494 in
823 1440 1040 1496 salutationibus
1062 1439 1175 1503 nostris,
1201 1440 1231 1494 in
1254 1439 1436 1495 conventibus
1459 1439 1583 1510 publicis
1606 1439 1745 1503 omnibus,
1771 1439 1819 1508 qui
1844 1443 1910 1509 post
1935 1458 1966 1495 se

523 1526 645 1581 vicariae
672 1530 842 1597 potestatem
872 1526 970 1597 adepti
1001 1531 1094 1591 erunt,
1125 1525 1225 1582 merito
1255 1531 1472 1596 praeponantur.
1518 1525 1615 1595 Neque
1645 1525 1718 1581 enim
1750 1526 1965 1596 perpetiendum

522 1618 654 1684 putamus
677 1613 834 1668 huiusmodi
864 1613 1033 1684 dignitatem
1059 1613 1088 1668 in
1116 1613 1172 1677 his,
1201 1613 1251 1681 qui
1273 1613 1457 1668 advocatione
1481 1612 1572 1669 functi
1592 1618 1669 1677 sunt,
1694 1612 1890 1684 imaginariam
1914 1618 1966 1670 aut

523 1699 701 1755 vacantivam
721 1699 817 1765 videri,
837 1718 974 1755 cumeani
991 1718 1047 1755 non
1065 1701 1175 1770 gratiae
1187 1700 1369 1769 singulorum,
1387 1700 1435 1755 sed
1454 1699 1509 1769 ipsi
1521 1698 1612 1754 ordini
1631 1703 1661 1755 et
1676 1699 1841 1769 professioni
1858 1700 1966 1756 iudicia

521 1791 616 1841 nostra
633 1786 793 1849 restituant,
818 1786 945 1854 quamvis
968 1790 1027 1840 tam
1045 1804 1157 1857 magno,
1181 1791 1240 1841 tam
1258 1785 1414 1841 necessario
1438 1790 1545 1841 ettam
1567 1789 1664 1841 sancto
1681 1785 1773 1841 officio
1796 1785 1820 1839 si
1838 1789 1967 1842 servetur
1992 1803 2016 1845 u

521 1872 678 1927 reverentia
702 1872 873 1938 litterarum,
896 1872 982 1927 ctiam
1006 1874 1059 1927 hoc
1083 1891 1201 1944 parvum
1225 1891 1283 1927 esse
1309 1872 1448 1938 videatur,
1473 1871 1527 1925 nisi
1550 1870 1608 1926 illis
1632 1871 1741 1925 salvum
1762 1874 1836 1927 esset
1853 1889 1966 1942 sperare

522 1977 585 2013 cum
603 1958 743 2024 omnibus,
762 1959 835 2027 quod
854 1959 976 2030 optimus
994 1958 1111 2028 quisque
1130 1977 1163 2015 ac
1182 1958 1237 2014 sibi
1255 1961 1324 2016 bene
1343 1959 1468 2014 conscius
1487 1959 1520 2015 de
1539 1957 1642 2014 nostris
1660 1956 1772 2013 iudiciis
1790 1975 1845 2013 non
1862 1958 1967 2014 frustra

488 2043 606 2100 3debet
629 2049 735 2115 optare.
823 2046 921 2115 Neque
945 2045 1019 2100 enim
1042 2045 1095 2100 tali
1118 2047 1171 2101 fine
1195 2047 1324 2102 meritum
1349 2045 1526 2116 professionis
1549 2048 1674 2099 astamus
1697 2047 1747 2099 aut
1768 2044 1880 2100 futurae
1904 2046 1965 2115 spei

522 2131 734 2187 intercludimus
758 2131 844 2196 viam,
868 2132 917 2201 qui
941 2132 1097 2203 praeterita
1120 2133 1231 2189 interim
1255 2150 1469 2187 remuneramus.
1505 2133 1579 2187 Nam
1601 2136 1634 2186 ut
1650 2129 1736 2186 nullis
1763 2129 1890 2185 civilium
1909 2132 1967 2186 offi-

523 2220 628 2274 ciorum
651 2218 779 2274 oneribus
802 2224 853 2274 aut
875 2220 1068 2275 exactionibus
1094 2225 1145 2275 aut
1167 2220 1299 2290 operibns
1321 2218 1444 2290 publicis
1467 2218 1503 2273 ad
1527 2217 1720 2289 suggestiones
1746 2217 1966 2273 numerariorum
1993 2234 2019 2274 so

524 2306 567 2361 vel
586 2306 622 2359 ad
640 2310 821 2375 praeceptum
837 2324 932 2360 sacrae
945 2312 1055 2362 nostrae
1073 2307 1230 2362 huiusmodi
1244 2306 1395 2371 hominum,
1414 2306 1560 2361 emeritum
1582 2304 1686 2373 siquis
1703 2321 1849 2374 persupra
1867 2322 1968 2360 memo·

522 2396 598 2446 ratos
617 2408 703 2445 annos
721 2390 749 2444 in
768 2390 895 2459 quolibet
913 2393 1090 2462 praetoriano
1109 2392 1167 2448 sive
1186 2394 1292 2447 urbano
1311 2394 1370 2447 foro
1389 2391 1512 2448 studium
1525 2392 1661 2461 probatae
1680 2389 1847 2445 defensionis
1870 2390 1967 2460 inpen-

526 2477 580 2542 dit,
601 2480 664 2546 post
682 2475 822 2531 diutinum
839 2478 964 2533 laborem
982 2479 1151 2534 sollicitetur
1168 2479 1255 2547 quies,
1274 2477 1435 2548 providebit
1453 2477 1641 2548 amplissimae
1660 2477 1852 2546 praefecturae
1871 2476 1969 2531 debita

524 2566 553 2616 et
572 2563 647 2616 iusta
665 2563 822 2626 commotio,
841 2581 913 2631 quae
930 2564 1049 2634 triginta
1067 2565 1200 2619 librarum
1218 2565 1280 2619 auri
1301 2564 1559 2619 condemnationem
1578 2564 1613 2617 ab
1626 2561 1726 2617 officiis
1744 2561 1967 2633 provincialibus

526 2649 569 2703 vel
593 2666 642 2702 suo
664 2648 730 2703 ilico
755 2648 864 2704 iubebit
888 2650 1014 2719 exposci,
1040 2650 1064 2703 si
1086 2669 1254 2720 quemquam
1280 2668 1313 2704 ex
1335 2650 1393 2715 his,
1416 2649 1465 2717 qui
1488 2649 1634 2719 praedicta
1657 2648 1851 2703 observatione
1874 2647 1966 2702 causis
1993 2664 2018 2703 ss

490 2736 508 2789 4
526 2734 684 2805 patrocinia
703 2736 915 2805 praestiterunt,
941 2737 977 2791 ad
996 2737 1187 2792 huiuscemodi
1210 2736 1342 2792 iniuriam
1360 2736 1565 2807 suggerendum
1584 2753 1642 2790 csse
1661 2733 1838 2790 crediderint.
1916 2733 1967 2787 His

525 2822 577 2877 hoc
601 2821 688 2876 etiam
705 2822 849 2878 litteratae
873 2822 993 2878 militiae
1016 2824 1256 2893 contemplatione
1279 2827 1465 2894 praestamus,
1488 2827 1531 2887 nt,
1557 2824 1581 2876 si
1599 2821 1628 2876 in
1645 2821 1756 2876 familia
1779 2821 1883 2876 fuerint
1907 2839 1968 2875 con·

525 2908 632 2973 scienti,
656 2908 793 2977 quidquid
811 2910 939 2978 quolibet
961 2910 1046 2964 titulo
1064 2910 1151 2980 positi
1170 2911 1198 2964 in
1221 2910 1406 2966 advocatione
1431 2909 1632 2978 quaesiverint,
1656 2912 1801 2978 tamquam
1826 2906 1969 2977 peculium

525 2999 664 3050 castrense
684 2995 847 3061 defendant,
870 3014 904 3052 ne
922 2997 1076 3067 praemium
1095 2997 1199 3051 laboris
1217 2996 1304 3051 aliem
1323 2998 1420 3051 autin
1443 2996 1514 3051 alios
1532 2997 1682 3051 transferat
1700 2999 1751 3050 aut
1768 2994 1823 3049 sibi
1844 2993 1968 3048 vindicet

489 3087 637 3151 hpatrum
655 3086 788 3151 potestas.
877 3083 955 3137 Hanc
978 3088 1073 3138 autem
1091 3084 1182 3153 legem
1205 3083 1306 3137 edictis
1325 3083 1519 3153 amplitudinis
1543 3086 1608 3138 tuae
1627 3082 1755 3136 omnibus
1773 3081 1913 3136 iudicibus
1931 3098 1964 3134 ac
1991 3094 2017 3132 so

522 3169 675 3239 provinciis
693 3169 780 3224 facias
796 3170 975 3226 innotescere.
1008 3171 1176 3239 caenosus)
1195 3188 1230 3224 ιι).
1245 3188 1307 3225 svo.
1321 3188 1413 3225 sousa
1431 3188 1460 3224 ιιι
1473 3188 1541 3224 sono
1559 3186 1674 3224 rasim
1692 3186 1821 3223 moscoao
1837 3172 1880 3222 id.
1892 3183 1967 3220 cona

612 3309 744 3361 AOIdald.
758 3312 859 3375 (incipit
877 3310 910 3362 34
929 3314 1042 3379 triginta,
1055 3314 1117 3379 finit
1135 3312 1169 3365 36
1187 3314 1389 3381 praestiterunt).

528 3427 953 3495 la110111r0,0mna=01>taosu
1004 3429 1178 3498 deficiecatoe]
1191 3432 1220 3494 0,
1246 3453 1249 3492 ι
1274 3431 1312 3485 30
1330 3434 1541 3500 suggessionceA
1611 3430 1644 3484 tl
1665 3448 1753 3484 meras
1771 3428 1883 3498 nostrae]
1904 3448 1926 3485 s.
1942 3449 1969 3482 n.

526 3501 659 3550 edificatus
669 3504 697 3564 A,
716 3502 847 3551 eclifreatos
857 3501 977 3552 Pithoeus
1043 3498 1077 3552 14
1094 3504 1125 3552 ad
1143 3518 1220 3567 agen·
1246 3499 1249 3533 ¹
1273 3504 1393 3553 iussionis
1404 3501 1522 3565 Pith.(ad
1531 3502 1604 3553 αἱ]
1610 3501 1687 3566 2240)
1735 3499 1818 3565 trita
1836 3502 1970 3551 emeritum

526 3566 597 3634 duni]
617 3570 650 3619 ad
668 3570 886 3620 aduocandumtl
968 3570 1003 3621 lt
1021 3572 1220 3622 discernimusA
1246 3555 1249 3594 ¹
1273 3573 1295 3622 si
1313 3574 1371 3635 quis
1389 3588 1433 3637 per
1451 3588 1471 3621 s.
1490 3589 1523 3622 m.
1542 3568 1633 3637 anuos]
1651 3570 1799 3635 arripuimus
1816 3570 1970 3632 dubitantes,

560 3639 581 3687 si
600 3640 679 3687 oos.A
732 3656 839 3690 numero
857 3640 942 3691 ooat)
1029 3638 1062 3692 lt
1082 3637 1176 3706 unum]
1195 3649 1220 3691 et
1246 3597 1249 3720 i
1273 3642 1390 3691 meritum
1409 3642 1476 3706 quod
1496 3657 1539 3707 per
1556 3638 1617 3702 (ons.
1628 3642 1661 3703 A)
1679 3657 1699 3690 s.
1714 3657 1747 3691 m.
1759 3656 1841 3691 annos
1851 3637 1971 3705 (egerunt

526 3724 607 3757 unum
621 3707 741 3757 Pithoeus
813 3707 846 3760 18
864 3707 1021 3760 aduocariO
1084 3707 1121 3762 20
1138 3711 1219 3775 digni·
1272 3711 1319 3760 ius.
1334 3709 1422 3774 0)Δο
1480 3706 1563 3773 attat
1581 3710 1704 3777 impendit
1713 3713 1740 3771 A,
1758 3707 1937 3775 implendseO

525 3773 595 3842 tatis]
613 3775 641 3840 0,
659 3778 793 3842 diguitatis
806 3786 835 3828 nt
848 3781 876 3841 J,
889 3778 1021 3844 dignitatis
1034 3779 1074 3829 ius
1087 3780 1127 3830 vel
1138 3779 1219 3845 digni·
1246 3767 1249 3810 i
1272 3774 1357 3844 ttltl
1375 3779 1461 3830 debita
1473 3785 1499 3829 et
1510 3796 1557 3828 orn.
1574 3778 1595 3828 0
1651 3773 1688 3830 84
1705 3778 1845 3829 liberarum
1854 3776 1935 3828 ruat.

525 3854 602 3896 tatem
620 3846 720 3897 ueloci
737 3847 871 3913 dignitatis
890 3850 941 3897 uim
955 3846 1075 3898 Pithoeus
1133 3848 1219 3914 posse]
1246 3841 1248 3888 i
1274 3845 1581 3899 condemancionehiald.
1663 3842 1746 3907 Bilhb
1768 3846 1971 3913 prouincialibus

530 3914 559 3974 0,
577 3918 659 3979 qued
737 3914 774 3967 22
792 3918 955 3968 uicariamO
1015 3918 1219 3982 perpetiendum]
1246 3929 1249 3964 ι
1273 3918 1316 3968 uel
1339 3913 1395 3981 suo]
1409 3916 1537 3976 stamas,
1554 3916 1790 3982 prouincialibusue
1808 3918 1894 3977 squ,
1913 3932 1970 3982 pro-

529 3982 685 4049 ortuque
702 3985 877 4050 scthtdO),
897 3986 1097 4052 perpetuandum
1109 3989 1143 4047 A,
1167 4003 1221 4052 per·
1246 3981 1249 4000 ¹
1273 3984 1554 4037 uinculibusorbtu.
1607 3983 1644 4038 85
1662 3986 1721 4036 ilico
1739 3986 1756 4035 i.
1773 4001 1832 4052 exp.
1851 3982 1883 4051 si]
1903 3986 1971 4036 iobe·

526 4055 680 4119 petuandam
698 4053 819 4106 Pithocsss
905 4051 987 4119 ‘dtisffl
1006 4056 1055 4105 ima
1076 4056 1158 4106 iuaria
1176 4062 1222 4106 aut
1246 4011 1249 4138 i
1273 4057 1318 4106 bat
1335 4053 1538 4123 exposiciFutd.
1591 4056 1635 4120 qui
1654 4052 1792 4104 omAEidd.
1843 4054 1972 4122 predictae

527 4123 690 4187 uaca(u)tiua
703 4123 822 4176 Pithoeus
926 4119 963 4174 24
981 4073 1074 4190 uiderii
1096 4125 1221 4175 niceriam
1247 4147 1249 4160 >
1274 4123 1352 4174 Fue.
1409 4140 1499 4174 musas
1509 4123 1589 4173 Fuld.
1647 4120 1683 4176 tt
1701 4122 1971 4190 prestederuntfiidd.

528 4192 657 4253 Pithoeus,
675 4193 796 4246 uidelicet
806 4193 872 4244 Pt'th.
882 4193 932 4253 (cd.
945 4194 1046 4258 adnot.)
1115 4190 1151 4244 25
1170 4210 1220 4244 ser·
1247 4169 1250 4252 Ι
1309 4190 1344 4244 37
1365 4193 1519 4244 familiamA
1571 4190 1607 4244 88
1625 4193 1849 4244 aduocationemA
1895 4208 1971 4258 quae·

528 4261 613 4325 uetur]
631 4262 788 4328 OI'ithocus,
807 4267 972 4315 seruenturA
1047 4259 1084 4313 26
1101 4260 1220 4328 puniam]
1273 4259 1390 4327 sinerint]
1402 4261 1528 4327 lithosus,
1542 4263 1699 4328 quaesierint
1711 4261 1739 4323 0,
1753 4278 1804 4326 que
1815 4263 1836 4313 ei
1849 4263 1971 4313 nellintA

530 4332 564 4394 0,
584 4348 629 4398 per
647 4332 701 4382 uisu
711 4337 743 4395 A,
767 4334 884 4400 peruium
897 4331 1028 4395 Pithoeus,
1051 4349 1141 4397 parum
1152 4332 1220 4384 Itos
1325 4328 1358 4383 41
1380 4333 1491 4382 faciest)
1544 4348 1613 4398 prop.
1633 4332 1667 4383 id.
1685 4348 1746 4397 aug.
1766 4348 1852 4383 romae
1871 4333 1898 4381 in
1917 4333 1971 4382 foro

526 4398 575 4464 (od
593 4401 632 4451 ed.
647 4400 759 4466 Fuso)
833 4401 870 4453 29
888 4399 944 4466 qui]
956 4402 1010 4463 AO,
1029 4403 1091 4466 quin
1103 4400 1221 4452 Pithoeus
1274 4401 1365 4452 traiani
1384 4399 1487 4465 (troiani
1503 4402 1534 4466 J)
1558 4402 1672 4453 dioscoro
1694 4401 1753 4463 (ias.
1777 4418 1863 4453 romae
1879 4400 1911 4466 Δ)
1929 4402 1971 4452 dc„

577 4487 768 4521 renuureramus
787 4469 855 4536 nam]
874 4469 970 4520 OPitli.
981 4467 1029 4534 (ad
1046 4470 1086 4521 cd.
1100 4468 1223 4536 Ρ2240),
1274 4488 1343 4522 cous.
1363 4470 1423 4521 libri

529 4542 734 4591 mmurucratione
745 4543 765 4589 A
852 4535 940 4604 nullis]
961 4538 996 4602 0,
1014 4540 1137 4590 uidluad

527 4662 629 4669 --..-.
1255 4660 1411 4667 ——-——.
1416 4661 1428 4667 .,

528 4744 599 4798 Nov.
614 4745 646 4806 ll,
660 4745 676 4797 3
695 4746 756 4811 (443
774 4746 845 4815 Aug.
860 4747 911 4814 17).

615 4865 679 4901 insu
698 4868 744 4903 ss.
763 4867 863 4903 suamc
881 4868 902 4903 ιι
929 4852 1102 4917 absumere)
1122 4849 1294 4916 e(assroa1)o
1313 4864 1430 4902 intraret
1448 4864 1557 4902 rrstrsa
1582 4863 1613 4900 ιιι
1637 4863 1760 4901 arsicia
1797 4845 1837 4899 Ex
1856 4844 1972 4901 adfectu

529 4935 642 5006 publico
665 4935 795 4990 convenit
818 4953 911 4991 eorum
935 4936 1149 4990 necessitatibus
1167 4935 1326 4998 subvenire,
1349 4933 1398 5003 qui
1416 4933 1517 4988 fatales
1539 4931 1665 4987 miserias
1688 4931 1858 4988 inciderunt:
1885 4931 1973 5002 impe·

528 5022 649 5077 ratoriae
668 5021 691 5074 si
711 5022 823 5089 quidem
842 5022 933 5076 laudis
951 5027 994 5077 est
1012 5022 1109 5091 aliqua
1127 5022 1240 5077 decreta
1258 5020 1379 5084 mollire,
1405 5020 1515 5088 quando
1535 5019 1576 5073 vis
1594 5019 1683 5074 maior
1700 5019 1863 5089 inopinatae
1882 5018 1973 5074 eladis

529 5167 630 5220 Iidem
649 5184 691 5218 aa.
705 5165 833 5231 apollonio
849 5164 866 5213 ii
877 5168 910 5230 pp
921 5164 1006 5214 illirici
1017 5165 1082 5213 alinc
1094 5171 1119 5214 ct
1131 5165 1227 5214 al'ricae
1276 5163 1390 5212 coviocuit
1409 5162 1561 5226 Apollonio,
1578 5162 1691 5211 conuenit
1709 5162 1805 5211 Albino
1908 5158 1974 5213 tin

530 5238 597 5289 Pith.
608 5237 737 5302 (Dupuy),
751 5235 827 5300 iurpp.
838 5235 985 5284 theodosius
998 5241 1024 5283 et
1036 5234 1228 5284 iiuloutinianus
1276 5232 1366 5282 fatales
1378 5233 1464 5281 tiriae.
1475 5228 1563 5293 (obss.)
1636 5227 1655 5281 8
1673 5230 1766 5295 laudis]
1779 5229 1973 5296 Ridendum,

531 5325 569 5357 aa.
579 5308 666 5358 albino
676 5309 709 5372 pp
720 5305 812 5370 illyrici
823 5303 1014 5365 corneolus:
1023 5304 1123 5352 sicariae
1132 5311 1228 5351 oculato
1277 5303 1317 5351 uis
1336 5302 1415 5353 maior
1433 5302 1516 5352 laudis
1534 5300 1647 5351 auditu

529 5385 636 5443 propter
652 5394 674 5427 r.
685 5382 714 5434 4,·
731 5381 797 5425 recte
814 5381 841 5422 ut
858 5372 965 5436 aldaha,
979 5390 1040 5422 nona
1059 5372 1158 5423 iteratio
1176 5389 1228 5421 uon
