4959 6134
1216 557 1364 617 -XXX
1401 592 1433 601 —

600 715 732 773 Ouiaoine
756 715 836 772 tituli
862 716 1055 774 Valentiniani
1077 717 1123 774 ‘de
1150 716 1334 788 indulgentiis
1360 715 1538 787 reliquorum’
1564 720 1674 787 partem
1705 721 1857 774 extremam
1883 715 1955 787 (eoil.
1979 733 2044 773 nov.

601 801 713 859 Valent
727 805 751 871 1,
763 802 791 872 3)
813 803 940 874 repperit
957 804 1040 873 (unde
1063 802 1168 860 dicitur
1189 805 1249 859 etue
1271 804 1466 873 memmium)
1487 804 1610 875 tit(uti)),
1636 809 1783 875 praeterea
1805 803 1884 860 tituli
1902 803 2045 860 Valenti

598 890 643 947 ‘de
660 890 841 962 postulnndo’
857 890 998 947 rubricam
1015 909 1080 947 oum
1099 890 1163 963 lege
1180 890 1302 948 eeonnda
1320 908 1354 947 ex
1372 890 1468 948 codiee
1486 897 1508 945 A
1525 891 1736 960 Pithoeaneque
1754 890 1878 947 editione
1895 889 1950 946 eibi
1968 894 2044 955 nota,

599 994 669 1047 qnae
687 980 717 1034 et
734 976 781 1033 hio
798 982 828 1034 et
840 976 975 1034 Pithoeus
995 982 1167 1049 spreverunt
1198 977 1289 1033 Tituli
1302 978 1444 1034 Valent2
1462 977 1553 1048 legem
1571 978 1691 1048 primum
1709 980 1805 1047 (quam
1822 976 1942 1047 requirit
1960 976 2046 1033 eeriee

600 1062 718 1134 dierum)
736 1063 910 1121 deficientem
929 1063 960 1119 iu
977 1064 1005 1118 Γ
1025 1064 1181 1135 ueterisque
1198 1063 1280 1120 libris
1297 1065 1413 1130 uentris,
1435 1064 1459 1119 si
1481 1063 1671 1136 reppeuieeeut
1687 1063 1717 1119 in
1734 1062 1858 1129 laciniis,
1882 1063 1941 1119 siue
1959 1062 2045 1119 dubio

600 1148 821 1220 desumpsissent.

686 1235 786 1306 ltaque
803 1236 923 1292 schedae
945 1235 1122 1302 Cuiaoienae,
1140 1254 1213 1306 qnae
1230 1254 1293 1294 nov.
1305 1236 1418 1293 Volent
1429 1237 1481 1303 2,3
1496 1240 1526 1292 et
1542 1236 1592 1304 24
1603 1237 1692 1307 prino.
1710 1240 1796 1307 atque
1813 1235 2044 1293 nov.Vulent15

600 1324 725 1386 mant,
747 1321 816 1376 duos
833 1320 901 1378 libri
918 1321 945 1375 Γ
964 1322 1078 1393 eiusque
1100 1322 1250 1394 arohetypi
1272 1322 1368 1379 hiatus
1390 1341 1425 1379 ex
1442 1327 1524 1394 perte
1548 1323 1663 1394 explent
1681 1324 1854 1392 eundemque
1871 1324 2045 1379 novellarum

600 1406 724 1463 ordinem
747 1408 897 1478 praebent,
921 1425 1005 1478 quem
1026 1408 1170 1480 incapite
1192 1408 1282 1479 primo
1301 1411 1339 1480 (p.
1353 1414 1414 1464 xlv
1421 1412 1473 1479 eq.)
1494 1409 1619 1480 eorporis
1635 1408 1785 1466 Maioriani
1808 1409 1894 1465 fnium
1916 1408 2044 1465 vidimus.

602 1492 680 1560 Quae
699 1511 761 1549 oum
779 1493 822 1549 ita
839 1493 906 1561 sint,
923 1495 1032 1566 primae
1049 1494 1176 1567 tyllogee
1195 1495 1300 1551 oodioie
1317 1494 1452 1565 reliquiae
1469 1496 1505 1551 ab
1524 1495 1559 1551 iis
1577 1495 1780 1567 repraesentari
1800 1499 1907 1552 certum
1925 1499 1976 1551 eet
