4959 6134
486 570 593 621 monx
611 569 812 623 rmvnosuu
1180 571 1244 635 210

591 741 625 796 de
643 739 827 811 indulgentiis
839 738 1010 809 reliquorum
1023 738 1188 794 VALENT.
1203 741 1215 794 Ι
1229 740 1285 795 BR.
1298 741 1349 795 VH
1370 770 1394 780 —
1413 741 1627 797 MAIORIAN.
1638 743 1664 796 Il
1682 772 1710 782 -
1726 742 1827 797 MAR-

698 826 799 881 OIAN.
815 825 873 881 BR.
893 827 920 881 II

594 913 629 969 de
647 914 823 970 invasoribus
845 912 1016 969 VALENT.
1029 914 1097 968 VIII

593 1000 627 1054 de
648 1000 758 1056 ludaeis
776 998 962 1056 Samaritauis
980 999 1131 1055 haereticis
1149 1005 1179 1056 et
1196 1002 1317 1074 paganis
1338 1001 1486 1057 THEOD.
1501 1002 1540 1056 III
1558 1002 1618 1057 BR.
1636 1003 1677 1057 III

593 1170 628 1226 de
646 1171 830 1242 lampadariis
854 1172 1026 1228 VALENT.
1039 1172 1116 1226 XXX
1192 1173 1195 1180 '

593 1258 627 1313 de
646 1258 794 1314 lenonibus
815 1259 962 1319 THEOD.
976 1260 1069 1314 XVIII

594 1344 628 1398 de
647 1343 759 1399 libertis
777 1349 807 1401 et
824 1344 1046 1400 successionibus
1064 1361 1158 1399 eorum
1178 1344 1344 1399 VALENT.
1357 1344 1436 1399 XXV
1453 1345 1511 1399 BR.
1528 1346 1568 1400 VI

595 1432 629 1487 de
641 1431 711 1486 locis
720 1430 783 1500 rtei)
794 1430 950 1500 p(uincaet
960 1430 1153 1501 quoquomodo
1165 1429 1300 1501 possessis
1312 1430 1478 1487 civitatibus
1492 1431 1673 1487 restituendis
1686 1432 1832 1487 THEOD.

697 1518 791 1571 XXIII

594 1691 629 1746 de
646 1690 820 1747 manichaeis
843 1691 1010 1746 VALENT.
1024 1690 1118 1747 XVIII
1135 1690 1191 1746 BR.
1212 1691 1238 1745 ll

595 1779 629 1832 de
648 1777 835 1833 matrimoniis
852 1783 1011 1834 senatorum
1029 1778 1221 1833 MARGIAN.
1239 1777 1297 1833 BR.
1312 1778 1366 1831 IlIl

595 1865 630 1919 de
647 1863 762 1920 metatis
783 1863 928 1920 THEOD.
942 1864 1020 1919 XXV

597 1951 632 2007 de
651 1951 816 2007 mulieribus
834 1969 906 2021 qnae
925 1952 1013 2007 servis
1030 1951 1151 2022 propriis
1171 1952 1214 2007 vel
1235 1952 1345 2008 libertis
1356 1970 1385 2007 se
1398 1951 1547 2007 iunxerunt
1565 1953 1595 2005 et
1613 1951 1647 2005 de
1659 1949 1836 2005 naturalibus

700 2038 766 2092 liliis
787 2038 844 2093 AN
849 2038 970 2092 THEM.
985 2039 997 2091 l

597 2209 632 2265 de
663 2209 781 2265 navibus
808 2212 885 2266 ultra
912 2211 1026 2266 duorum
1054 2211 1163 2266 milium
1193 2210 1348 2266 modiorum
1376 2209 1566 2280 capacitatem
1592 2227 1647 2264 uon
1671 2207 1836 2264 excusandis

704 2294 849 2351 THEOD.
862 2297 930 2351 VIII

601 2382 635 2437 de
653 2382 836 2438 naviculariis
855 2383 972 2438 amnicis
995 2383 1162 2438 VALENT.
1176 2383 1310 2437 XXVIIII

650 2487 684 2524 ne
711 2470 826 2524 curialis
847 2471 884 2525 ad
906 2469 1075 2526 senatoriam
1098 2469 1266 2541 dignitatem
1287 2469 1329 2526 vel
1354 2469 1391 2524 ad
1413 2468 1536 2538 aliquem
1559 2468 1691 2523 honorem
1709 2467 1836 2537 adspiret

705 2555 851 2610 THEOD.
864 2556 916 2611 XV
934 2557 992 2612 BR.
1006 2556 1071 2611 VlIl

653 2658 687 2697 ne
706 2640 820 2696 curialis
839 2642 986 2711 praedium
1009 2642 1126 2698 alterius
1150 2643 1290 2698 conducat
1307 2644 1358 2697 ant
1380 2641 1522 2697 fideiussor
1541 2642 1717 2697 conductoris
1735 2641 1839 2697 existat

708 2726 858 2782 THEOD.
873 2727 953 2782 VIIII
972 2728 1029 2783 BR.
1050 2728 1104 2781 llll

653 2831 689 2869 ne
708 2813 820 2870 duciani
840 2815 884 2871 vel
902 2814 1042 2871 limitanei
1060 2814 1166 2870 milltes
1183 2816 1220 2870 ad
1238 2814 1403 2870 conritatum
1422 2814 1609 2872 exhibeantur
1628 2813 1771 2870 THEOD.
1784 2814 1839 2869 IIII

601 2900 636 2954 de
656 2900 880 2972 negotiatoribus
904 2901 1041 2957 VALEN
1046 2902 1073 2956 Τ.
1086 2901 1194 2955 XXIIII

654 2988 792 3044 neminem
811 2987 938 3045 exhiberi
957 2989 991 3044 de
1009 2986 1156 3058 provincia
1177 2988 1214 3042 ad
1237 2988 1402 3043 comItatum
1426 2988 1480 3043 nisi
1499 2989 1535 3044 ad
1553 2988 1719 3046 relationem
1738 2987 1840 3043 iudicis

706 3092 796 3144 aquo
814 3074 899 3130 fuerit
917 3074 1094 3145 appellatum
1113 3074 1307 3130 MABOIAN.
1326 3076 1382 3130 BR.
1401 3078 1414 3131 Ι

656 3179 746 3231 neque
764 3163 877 3219 domum
895 3162 1021 3217 divinam
1041 3180 1131 3232 neque
1149 3162 1298 3218 ecclesiam
1315 3165 1366 3217 ant
1378 3161 1503 3232 aliquam
1515 3180 1660 3233 personam
1679 3179 1697 3216 a
1714 3161 1841 3230 quolibet

707 3267 820 3306 munere
838 3248 953 3319 publico
971 3249 1158 3303 excusandam
1182 3248 1386 3304 VALENRX

660 3354 750 3405 neque
768 3339 924 3391 senatorem
942 3335 1019 3390 urbis
1037 3334 1141 3390 Romae
1159 3352 1249 3403 neque
1268 3335 1415 3391 ecclesiam
1433 3353 1467 3391 ex
1479 3336 1649 3391 testamento
1661 3332 1715 3387 sibi
1728 3350 1746 3387 a
1758 3332 1842 3388 certis

713 3422 838 3491 personis
856 3421 965 3490 aliquid
983 3421 1114 3476 relictum
1132 3421 1198 3476 fisco
1216 3421 1317 3478 inferre
1335 3423 1490 3493 cogendum
1509 3427 1538 3478 et
1556 3422 1590 3476 de
1608 3419 1720 3491 populis
1738 3418 1842 3474 urbicis

708 3508 789 3562 MAI
790 3506 926 3563 ORIAN.
939 3508 963 3561 X

605 3697 639 3752 de
658 3696 750 3753 offici0
767 3701 797 3753 et
816 3697 850 3754 de
869 3697 1033 3755 numerariis
1052 3701 1257 3769 praefectorum
1276 3698 1416 3771 praetorio
1441 3697 1577 3753 VALEN
1578 3696 1606 3753 Τ.
1619 3698 1698 3752 XXII

605 3784 639 3839 de
657 3788 720 3840 ortu
738 3782 850 3853 imperii
870 3785 994 3853 d(0mi)ni
1013 3785 1161 3842 Maioriani
1180 3788 1212 3843 Α.
1231 3784 1473 3841 MAIORIAIVI

605 3972 640 4028 de
658 3971 795 4043 palatinis
816 3973 984 4033 VALENT.
999 3976 1053 4032 Vll

606 4060 640 4116 de
663 4061 826 4134 pentapolis
848 4061 885 4117 ad
910 4062 1007 4118 urbem
1031 4063 1146 4118 Romam
1168 4063 1333 4119 revocandis
1357 4061 1457 4133 etqui
1480 4080 1497 4117 a
1519 4061 1641 4117 tironum
1666 4059 1840 4130 praebItione

710 4152 876 4205 excusentur
899 4149 1066 4205 VALENT.
1080 4150 1105 4204 V

607 4232 641 4288 de
667 4234 831 4303 parentibus
858 4235 908 4307 qui
930 4235 1003 4292 filios
1030 4236 1220 4294 distraxerunt
1247 4241 1277 4294 et
1302 4255 1337 4292 ne
1360 4236 1476 4310 ingenui
1500 4235 1627 4292 barbaris
1653 4232 1845 4291 venundentur

710 4338 800 4391 neque
818 4323 855 4377 ad
873 4322 1060 4378 transmarina
1078 4323 1216 4380 ducantur
1239 4323 1406 4379 VALENT.
1419 4322 1539 4377 XXXIII
1558 4322 1615 4376 BR
1634 4321 1673 4375 XI

610 4405 644 4461 de
662 4405 786 4477 paternis
805 4407 863 4463 sive
880 4410 1014 4465 maternis
1032 4408 1112 4466 bonis
1132 4409 1276 4466 THEOD.
1289 4409 1370 4465 XIIII
1388 4408 1444 4464 BR.
1457 4409 1511 4464 VII

607 4492 641 4548 de
665 4493 911 4563 patrimonialibus
938 4496 979 4551 rei
1010 4495 1165 4554 dominicae
1188 4501 1219 4554 et
1245 4495 1415 4553 limitotrotis
1437 4495 1532 4552 tundis
1556 4513 1606 4566 per
1624 4494 1765 4551 Orientem
1783 4491 1845 4548 sitis

714 4580 897 4636 THEODv

607 4664 642 4720 de
660 4666 781 4736 pecunia
799 4668 874 4722 Afris
892 4668 1000 4725 credita
1017 4673 1047 4726 et
1065 4669 1273 4728 fideiussoribus
1291 4688 1385 4727 eorum
1409 4668 1577 4725 VALENT.
1592 4668 1644 4723 XII

607 4750 641 4806 de
659 4751 828 4821 postulando
854 4755 1021 4811 VALENT.
1034 4758 1061 4811 ll

607 4838 641 4893 de
660 4839 828 4908 postulando
846 4845 876 4897 ot
894 4842 927 4898 de
945 4844 1140 4913 perpetuanda
1158 4842 1343 4901 advocatione
1363 4841 1549 4899 Tflaom

607 4924 641 4979 de
660 4926 784 4995 praediis
803 4926 951 4984 civitatum
969 4930 1092 4986 omnium
1113 4930 1309 4987 maclam
1328 4929 1384 4985 BR.
1403 4931 1444 4985 III

609 5011 642 5067 de
660 5012 786 5082 praediis
804 5014 929 5085 pistoriis
946 5017 1022 5072 Afris
1040 5017 1209 5090 deputandis
1232 5018 1402 5074 VALENT.
1416 5018 1550 5073 XXXlIll

608 5100 642 5155 de
661 5099 753 5170 pretio
772 5100 855 5156 solidi
873 5104 904 5157 et
920 5120 955 5158 ne
974 5103 1037 5173 quis
1055 5104 1175 5161 solidum
1192 5104 1334 5177 integrum
1352 5108 1462 5162 recuset
1485 5105 1652 5162 vamur.
1668 5104 1734 5159 XVI

608 5186 642 5241 de
660 5186 836 5256 principibus
853 5190 986 5259 agentum
1005 5190 1033 5245 in
1051 5191 1133 5248 rebus
1157 5190 1325 5247 VALENT.
1337 5190 1457 5248 XXVIII

608 5361 642 5418 de
660 5359 771 5418 reddito
788 5359 849 5418 iure
867 5378 1005 5419 armornm
1026 5360 1197 5422 VALENT.
1214 5364 1296 5421 VIIII
1316 5395 1347 5406 -
1366 5362 1584 5424 Marcamv.
1596 5364 1664 5423 Vlll
