4959 6134
944 1557 1092 1625 onevn
1120 1558 1375 1624 snrrrnvn.

853 1739 1036 1823 CRISIS
1074 1741 1465 1825 NOVELLARVM.

521 1952 609 2023 Leges
632 1954 771 2019 novellae,
794 1972 864 2024 quas
886 1955 939 2010 boc
957 1956 1098 2010 volumine
1121 1956 1209 2021 edidi,
1231 1957 1359 2023 nonita,
1382 1960 1415 2011 ut
1436 1955 1496 2026 ipse
1514 1956 1737 2023 Theodosianus,
1763 1957 1799 2011 ab
1824 1975 1879 2012 uno

433 2055 549 2109 corpore
567 2040 702 2109 pendent,
726 2041 786 2104 sed,
806 2045 838 2097 ut
855 2040 951 2112 capite
970 2041 1059 2111 primo
1081 2044 1205 2112 exposui,
1224 2048 1281 2099 tres
1299 2046 1394 2113 partes
1414 2042 1628 2114 distinguendae
1646 2047 1720 2098 sunt.
1756 2043 1828 2098 Nam
1848 2043 1878 2097 in

433 2124 682 2180 constitutionibus
706 2126 857 2182 Theodosii
875 2128 910 2181 ll.
935 2131 965 2182 et
987 2127 1181 2183 Valentiniani
1198 2130 1247 2183 lll.
1273 2133 1303 2185 et
1328 2127 1357 2181 in
1381 2127 1529 2183 Maioriani
1554 2128 1694 2199 plerisque
1721 2145 1739 2183 a
1764 2146 1878 2197 corpore

432 2211 606 2266 novellarum
624 2211 794 2268 occidentali
811 2213 1024 2283 proficiscuntur
1042 2214 1197 2270 Maioriano
1215 2216 1374 2285 imperante
1393 2214 1559 2284 compilato,
1582 2214 1611 2268 in
1630 2213 1878 2270 constitutionibus

432 2296 570 2352 Marciani
588 2299 728 2365 omnibns,
746 2298 895 2355 Maioriani
913 2300 1035 2365 duabus,
1058 2301 1151 2357 Severi
1174 2318 1230 2357 una
1252 2319 1270 2356 a
1288 2301 1431 2357 Breviorio
1450 2299 1610 2355 Alariciano
1634 2301 1749 2369 eiusque
1771 2300 1879 2355 addita

432 2383 545 2449 mentis,
563 2384 592 2437 in
603 2385 799 2441 Anthemianis
816 2386 936 2455 denique
954 2405 972 2442 a
989 2387 1134 2443 Breviario
1152 2392 1244 2443 aucto.
1280 2386 1321 2442 De
1339 2388 1436 2443 harum
1456 2386 1540 2443 trium
1559 2388 1682 2457 partium
1701 2385 1766 2442 crisi
1785 2385 1877 2457 singu-

432 2470 514 2525 latim
533 2488 606 2526 nunc
624 2489 642 2527 a
659 2488 703 2526 me
721 2472 921 2543 disputabitur.

531 2664 571 2727 A.
606 2661 748 2728 anons
776 2663 1014 2730 nonnanis
1039 2663 1283 2730 nnnonosn
1305 2665 1348 2729 n.
1373 2664 1700 2730 vnnnnnrnnnr
1722 2664 1782 2731 ιιι.

956 2768 1200 2834 aaronem
1222 2768 1352 2854 (1—6).

520 2886 560 2943 De
579 2905 694 2959 corpore
705 2888 862 2953 Maioriani,
881 2907 936 2958 quo
955 2889 1172 2945 continebantur
1188 2890 1318 2945 novellae
1331 2890 1481 2946 Theodosii
1493 2891 1528 2945 ll.
1542 2889 1692 2945 orientales
1710 2889 1875 2959 publicatae

432 2972 461 3026 in
480 2972 632 3030 Occidente
653 2980 682 3030 et
700 2975 899 3046 imperatorum
918 2977 1034 3031 duorum
1052 2976 1269 3031 occidentalium
1288 2976 1482 3032 Valentiniani
1501 2977 1550 3031 Ill.
1569 2980 1599 3031 et
1616 2975 1776 3037 Maioriani,
1800 2979 1875 3030 ante·

431 3076 516 3128 qnam
539 3078 635 3131 agam,
658 3060 780 3132 primurn
802 3080 836 3117 ex
854 3061 1102 3118 constitutionibus
1128 3080 1160 3118 eo
1183 3064 1390 3133 comprehensis
1413 3063 1651 3118 enumerabuntur
1674 3062 1744 3116 alibi
1766 3079 1876 3131 qnoque

431 3150 567 3201 servatae.
598 3146 720 3209 Quarum
732 3148 867 3203 lectiones
883 3148 1050 3204 utilissimae
1068 3152 1132 3203 sunt
1150 3149 1186 3203 ad
1200 3148 1372 3204 differentias
1389 3149 1592 3213 diiudicandae,
1610 3166 1682 3218 quae
1700 3147 1877 3203 intercedunt

431 3230 505 3287 inter
523 3234 695 3303 exemplaria
713 3234 835 3304 corporis
854 3235 1015 3300 Maioriani,
1039 3254 1090 3291 nec
1113 3254 1176 3292 raro
1199 3237 1286 3291 etiam
1305 3236 1376 3291 vitia
1399 3237 1504 3292 tollunt
1522 3235 1650 3290 omnibns
1668 3234 1876 3304 exemplaribus

431 3318 515 3373 huius
533 3321 656 3391 corporis
675 3321 839 3376 communia.
874 3321 945 3376 Sunt
963 3326 1057 3378 autem
1076 3324 1143 3378 hae:

482 3428 484 3432 ’
520 3426 542 3480 l.
570 3423 719 3480 Theodosii
737 3425 849 3480 novella
868 3427 888 3497 1Ι
901 3426 982 3481 adest
1000 3425 1193 3482 Theodosiano
1212 3427 1368 3495 praemissa
1385 3427 1414 3481 in
1434 3426 1494 3482 eins
1511 3425 1654 3481 codicibus
1668 3425 1729 3479 AO.

518 3520 542 3573 2.
569 3518 746 3573 lastinianus
763 3520 792 3574 in
811 3520 935 3575 codicem
952 3540 1032 3575 suurn
1054 3521 1162 3592 recepit
1185 3540 1218 3576 ex
1236 3522 1436 3578 Theodosianis
1454 3523 1516 3578 3-
1529 3522 1581 3582 5,2
1596 3552 1625 3560 -
1639 3522 1655 3574 6
1669 3551 1702 3560 -
1715 3521 1761 3585 7‚1
1779 3549 1810 3558 -
1823 3519 1876 3585 7,2

432 3605 632 3670 -Ί,3-7,4
649 3605 1873 3673 -8-9-10,1-11-12-13-14-16-17,2-19-20-21-22,1

430 3710 463 3732 -·-
476 3691 545 3755 22,2
558 3720 591 3731 -
603 3693 638 3746 24
652 3723 682 3732 -
695 3693 730 3746 25
742 3722 775 3731 -
788 3693 829 3756 26,
849 3692 879 3746 id
896 3694 971 3762 quod
989 3693 1016 3746 in
1036 3693 1130 3763 capite
1148 3694 1247 3762 quinto
1267 3694 1393 3749 vidimus.

517 3786 542 3842 3.
568 3787 764 3843 Valentiniani
781 3787 909 3843 novellae
924 3789 954 3842 17
967 3792 997 3843 et
1010 3789 1042 3843 18
1060 3789 1090 3843 in
1109 3788 1212 3844 codicis
1231 3788 1404 3845 coloniensis
1416 3790 1467 3845 212
1486 3790 1576 3857 (nobis
1590 3788 1690 3856 (lolem)
1710 3786 1874 3842 collectione

431 3874 573 3940 canonica,
591 3891 674 3943 qnam
693 3874 722 3928 in
741 3874 836 3943 capite
855 3875 953 3944 quinto
973 3876 1102 3943 tractavi,
1121 3876 1172 3931 sub
1191 3876 1312 3931 numeris
1325 3881 1360 3931 VI
1379 3880 1408 3931 et
1426 3880 1448 3931 V
1466 3881 1573 3932 extant.
1592 3906 1626 3917 -

516 3978 625 4043 Libros,
648 3979 698 4048 qui
720 3978 853 4035 maiorem
875 3978 1044 4035 minoremve
1067 3982 1177 4049 partem
1196 3980 1290 4051 legum
1308 3980 1481 4036 novellarum
1500 3997 1615 4050 corpore
1633 3976 1781 4033 Maioriani
1802 3994 1874 4030 com·

431 4064 629 4135 prehensamm
649 4066 809 4130 continent,
831 4065 972 4121 discedere
995 4065 1115 4120 vidimus
1133 4066 1162 4120 in
1180 4066 1305 4136 syllogas
1325 4071 1393 4123 tres:
1417 4066 1551 4130 Primam,
1574 4083 1645 4135 quae
1668 4065 1728 4118 sola
1751 4062 1875 4117 servavit

430 4152 576 4220 antiquam
595 4152 799 4222 plenitudinem
818 4152 1007 4221 (aliquatenus
1026 4156 1111 4220 certe)
1132 4157 1161 4207 et
1178 4151 1303 4208 ordinem
1323 4157 1471 4217 vetustum,
1490 4152 1574 4208 bodie
1592 4152 1786 4221 repraesentat
1805 4166 1875 4201 unns

430 4237 517 4293 codex
529 4237 556 4291 Γ
570 4238 768 4295 accedentibus
785 4238 896 4294 schedis
914 4238 1074 4293 Cuincianis
1092 4239 1287 4309 excerptisque
1306 4239 1411 4308 paucis.
1446 4240 1552 4305 Altera,
1571 4237 1681 4293 scilicet
1699 4235 1874 4291 Breviorium

430 4324 634 4390 Alariciannm,
656 4324 870 4380 constitutiones
894 4325 998 4380 multas
1021 4325 1127 4391 omisit,
1150 4326 1198 4381 sed
1220 4328 1329 4381 retento
1355 4325 1412 4380 fere
1437 4325 1531 4379 ordine
1554 4323 1679 4392 antiquo.
1720 4321 1818 4377 Tertia
1841 4339 1874 4375 ex

429 4410 585 4481 archetypo
606 4410 712 4466 libril'
725 4410 822 4476 simili,
846 4412 894 4468 sed
918 4411 1056 4482 pleniore,
1078 4411 1252 4466 Breviarium
1276 4410 1367 4476 auxit,
1394 4410 1623 4466 constitutionum
1642 4408 1738 4465 ordine
1757 4408 1873 4477 antiquo

429 4498 536 4562 solnto;
555 4497 629 4553 inter
645 4496 730 4551 huius
748 4495 874 4569 syllegae
893 4498 1066 4568 exemplaria
1084 4499 1207 4553 eminent
1227 4498 1373 4553 Fuldensis
1391 4498 1474 4553 index
1492 4501 1522 4553 et
1539 4496 1648 4551 codices
1661 4496 1718 4550 ΔΟ.

516 4583 561 4638 lta
582 4601 655 4638 nunc
677 4600 773 4655 agam,
798 4588 830 4640 ut
853 4582 973 4653 primum
992 4585 1125 4639 disseram
1143 4586 1177 4640 de
1196 4584 1261 4641 crisi
1284 4583 1408 4654 corporis
1426 4582 1575 4638 Maioriani
1594 4580 1826 4637 constitutionum
1845 4580 1873 4633 in

429 4668 603 4726 Breviarium
620 4670 811 4726 Alariciannm
830 4670 1004 4741 primitivum
1022 4675 1212 4742 receptamm,
1231 4670 1331 4727 deinde
1350 4671 1384 4726 de
1403 4671 1503 4726 ceteris
1520 4669 1603 4724 huius
1623 4667 1745 4738 corporis
1762 4667 1873 4738 legibus

429 4754 548 4812 novellis
566 4760 646 4813 extra
663 4756 837 4813 Breviorium
855 4756 962 4827 positis.
1755 4768 1761 4779 ·

475 4932 501 4998 Ι.
538 4930 690 5018 Corporis
712 4932 881 4998 Maioriani
905 4935 1147 4999 constitutiones
1170 4934 1202 4996 in
1224 4933 1424 4997 Breviorinm
1447 4930 1643 5015 primitivum
1665 4934 1828 5013 receptae.

516 5060 744 5128 Constitutiones,
762 5079 832 5130 quas
850 5080 885 5117 ex
902 5080 1016 5133 corpore
1034 5061 1183 5118 Maioriani
1202 5062 1352 5131 prudentes
1370 5058 1525 5115 Alariciani
1543 5063 1717 5129 receperunt,
1735 5061 1800 5111 sunt
1819 5056 1871 5110 hae

428 5148 580 5203 secundnm
598 5165 725 5204 numeros
742 5166 830 5204 meos:

518 5251 656 5308 modoet
667 5253 707 5307 Π.
726 5254 739 5307 l
755 5276 787 5299 =
799 5254 903 5307 Breal
922 5254 1023 5325 (prima
1041 5258 1236 5325 postremaque
1254 5252 1397 5323 periemnt
1415 5252 1445 5306 in
1458 5253 1493 5321 Γ)
1510 5280 1543 5290 -
1563 5251 1579 5303 2
1593 5272 1624 5294 =
1638 5249 1718 5303 Brcv.
1732 5252 1756 5300 ll
1776 5246 1872 5316 (periit

427 5338 458 5394 in
469 5339 507 5408 Γ)
527 5370 558 5379 -
577 5338 594 5393 3
607 5362 639 5386 =
652 5339 731 5395 Brev.
744 5345 780 5394 111
800 5340 935 5406 (extrema
952 5341 1013 5396 sola
1030 5344 1178 5410 supersunt
1197 5341 1225 5393 in
1239 5341 1276 5407 Γ)
1295 5372 1328 5381 -
1346 5340 1363 5392 9
1376 5362 1408 5384 =
1422 5339 1500 5392 Brev.
1515 5342 1550 5391 IV
1568 5367 1599 5375 —
1621 5336 1651 5390 ll
1666 5358 1697 5380 =
1712 5334 1791 5388 Brev.
1805 5338 1825 5387 V
1838 5363 1871 5372 —

1633 5439 1664 5492 Ε*
