4959 6134
1039 593 1072 603 -
1109 564 1228 620 XXXIII
1264 594 1297 605 -

445 721 611 775 6666066666
626 719 744 786 solicitet·
780 717 1003 775 Constitutiones
1021 719 1106 775 codex
1124 719 1240 776 exhibet
1259 721 1368 792 plenas,
1391 720 1445 776 nisi
1463 723 1538 792 quod
1556 724 1660 781 Theod.
1673 726 1707 780 22
1725 725 1797 782 6666
1814 728 1891 800 leges

445 805 489 862 ita
512 805 541 861 in
566 822 650 861 uuam
675 806 892 873 contrahuntur,
917 810 949 864 ut
971 807 1079 878 primae
1101 807 1243 865 deficienti
1261 812 1296 865 89
1313 810 1430 864 66616166
1455 810 1588 868 66611666
1611 812 1752 869 adimatur
1774 814 1892 871 alterius

447 893 647 964 interpretatio
665 894 730 950 inde
748 895 830 950 6141
850 900 1049 959 1616661666
1067 899 1214 967 praeterea
1231 896 1485 953 666.Μ616616611
1502 900 1597 955 textus
1615 900 1717 955 ultima
1735 916 1799 970 pars
1816 901 1891 970 (1666

446 981 516 1037 668
533 983 671 1048 mnatre)
695 979 845 1036 omittitur.
871 1012 905 1021 -
934 982 987 1045 Qui
1010 981 1133 1038 codicem
1157 983 1307 1053 descripsit
1331 982 1474 1048 librarius,
1501 984 1652 1055 diligenter
1675 984 1839 1055 plerumque
1861 991 1891 1042 et

447 1071 578 1125 66666616
600 1084 714 1138 operam
734 1066 867 1138 perfecit3
891 1067 1096 1139 orthographia
1119 1070 1155 1125 ab
1173 1068 1239 1124 aliis
1259 1069 1382 1126 sinadam
1400 1069 1504 1127 aetatis
1521 1071 1600 1126 libris
1623 1089 1679 1127 non
1696 1072 1817 1127 multum
1839 1072 1891 1126 dif-

444 1156 507 1211 fert
525 1184 559 1195 -
577 1152 623 1209 ad
645 1154 740 1225 legum
757 1155 932 1211 novellarum
950 1158 1059 1211 textum
1076 1156 1276 1212 recensendum
1294 1156 1423 1213 codch
1437 1157 1511 1213 inter
1528 1157 1665 1213 Breviarii
1686 1157 1772 1213 libros
1790 1159 1844 1215 hac
1861 1176 1890 1215 re

444 1241 597 1313 plurimum
608 1239 695 1307 valet,
707 1240 783 1309 quod
795 1258 828 1297 ex
840 1241 1004 1313 archetypo,
1016 1243 1065 1311 qui
1079 1241 1203 1313 proxime
1220 1242 1320 1298 656661
1338 1260 1356 1298 6
1373 1242 1446 1298 11566
1458 1245 1487 1308 Γ,
1506 1244 1613 1313 pariter
1630 1246 1716 1314 atque
1733 1243 1800 1299 libri
1811 1244 1891 1299 SKL

444 1329 608 1384 emendatus
628 1344 723 1383 veram
740 1344 939 1399 saepenumero
957 1328 1109 1385 lectionem
1126 1330 1253 1399 praebet.
1288 1329 1349 1384 Hac
1371 1329 1406 1385 66
1423 1346 1453 1385 66
1471 1328 1501 1383 16
1519 1329 1614 1400 666116
1631 1329 1764 1400 septimo,
1788 1330 1837 1385 ubi
1855 1330 1890 1387 de

444 1414 510 1469 crisi
527 1413 710 1469 Novellarum
727 1418 840 1484 agetur,
864 1413 1025 1471 accuratius
1046 1415 1237 1470 disserendum
1255 1414 1316 1470 erit
1355 1415 1411 1470 Sed
1431 1418 1543 1486 praeter
1564 1415 1723 1472 huiusmodi
1746 1417 1889 1482 lectiones,

444 1518 517 1570 quae
540 1499 678 1571 optimum
700 1500 887 1571 archetypum
909 1501 1043 1571 produnt,
1069 1501 1252 1573 6666661666
1274 1505 1424 1557 occurrunt
1445 1501 1678 1572 interpolationes
1699 1501 1772 1558 libro
1795 1505 1889 1558 666166

443 1591 495 1642 661
517 1604 580 1642 cum
601 1605 669 1643 snae
687 1588 784 1643 classis
806 1587 961 1644 decurtatis
983 1605 1141 1645 communes
1163 1591 1206 1652 (ut
1225 1588 1337 1644 Valent.
1350 1588 1393 1653 21,
1406 1590 1440 1644 62
1457 1618 1491 1628 -
1509 1589 1543 1643 35
1560 1590 1634 1643 6656.
1653 1618 1687 1628 -
1704 1588 1821 1657 35135)
1839 1592 1890 1644 661

444 1691 507 1728 cum
520 1672 674 1742 L('l'heod
686 1675 710 1737 1,
721 1673 774 1741 22),
788 1672 952 1728 avertem
962 1680 1085 1743 6661128
1095 1673 1218 1743 (Valent.
1230 1673 1273 1742 31,
1285 1675 1321 1742 4).
1351 1674 1498 1730 Accedunt
1509 1673 1722 1745 dittographiae
1739 1674 1769 1729 in
1780 1677 1889 1731 textum

442 1763 673 1830 66666166,6666
691 1760 760 1815 duas
778 1758 950 1816 recensiones
968 1777 1036 1830 prae
1054 1761 1206 1828 66166661;
1224 1759 1376 1830 pleraeque
1394 1760 1466 1816 libro
1477 1761 1509 1814 Ε
1522 1760 1659 1830 6611(666
1677 1760 1809 1829 6661Ἐ)
1826 1778 1888 1831 666

442 1847 522 1917 66166
539 1848 616 1912 6661,
639 1863 747 1916 paucae
765 1849 876 1902 tantum
893 1845 982 1902 etiarn
999 1845 1029 1900 in
1040 1845 1064 1900 S
1077 1845 1200 1914 (Valent
1213 1846 1256 1912 32,
1269 1846 1296 1915 2)
1314 1846 1432 1902 autKL
1450 1846 1595 1915 (16666166.
1607 1846 1632 1913 3,
1641 1846 1687 1915 23)
1703 1846 1888 1917 reperiuntur.

442 1932 516 1988 Raro
534 1936 653 2002 6166666
670 1932 755 1989 166116
773 1932 838 1987 61116
855 1932 937 1987 libris
956 1932 1036 1988 nobis
1054 1933 1129 1988 notis
1147 1933 1332 1999 confirmatur,
1350 1950 1373 1988 e.
1387 1951 1410 1988 c.

511 2036 616 2093 Theod.
654 2036 679 2101 3,
692 2037 769 2106 68169
802 2040 937 2108 peccatur
948 2038 1002 2105 (661
1012 2037 1155 2106 6161111661]
1172 2038 1276 2106 ratgisi,
1294 2041 1440 2108 spectatur
1452 2037 1514 2103 ON,
1533 2041 1664 2108 peccator
1682 2037 1890 2107 expectaturi}

563 2152 596 2163 -
635 2123 756 2187 22,1,34
802 2122 951 2191 decideret]
970 2123 1098 2191 plerique,
1117 2121 1290 2180 demonstret
1303 2122 1396 2190 GPII,
1415 2125 1587 2179 demonstret
1603 2120 1784 2179 desideretis*

511 2207 721 2275 1616613165
805 2210 997 2279 contemnant]
1015 2210 1117 2278 6611661,
1136 2209 1338 2277 contiueantS,
1357 2212 1558 2281 contempnent
1575 2208 1738 2266 contineant
1749 2209 1779 2265 Ε

545 2324 579 2335 -
632 2295 701 2361 32,2
802 2294 990 2366 recentilI'L,
1009 2295 1292 2365 66666661161661666,
1310 2297 1451 2367 praesenti
1470 2294 1733 2365 6666611(·116666)
1751 2294 1806 2351 Eu.

442 2396 670 2469 Corruptelarum
687 2414 817 2454 numerus
838 2396 915 2452 hand
932 2396 974 2453 ita
996 2415 1100 2467 parvus
1118 2397 1223 2468 661(61
1241 2399 1431 2464 ’16666120
1450 2429 1481 2438 -
1501 2401 1524 2464 1,
1536 2399 1571 2455 26
1589 2429 1621 2439 -
1643 2400 1665 2465 1,
1677 2396 1712 2455 39
1729 2427 1763 2438 -
1781 2398 1836 2463 3,4
1854 2428 1886 2438 -

441 2484 555 2540 Valent.
569 2484 610 2549 14,
622 2484 654 2540 21
675 2515 708 2524 -
726 2483 859 2540 11666166.
872 2484 897 2550 2,
909 2485 943 2538 25
957 2514 987 2525 -
1001 2485 1026 2551 4,
1039 2485 1092 2555 51).

441 2586 584 2643 Librarius
601 2587 663 2660 ipse
681 2588 765 2646 alteri
782 2588 899 2645 lectioni
923 2607 1018 2647 666666
1036 2590 1106 2659 (11·)
1124 2591 1244 2646 alteram
1266 2590 1313 2647 hic
1331 2590 1391 2647 illic
1409 2589 1592 2661 superscribit
1609 2590 1693 2660 (111),
1718 2607 1775 2660 666
1792 2594 1887 2647 textus

442 2674 488 2729 vel
506 2674 670 2732 emendatur
689 2674 734 2732 vel
752 2674 946 2747 corrumpitur.
984 2676 1133 2734 Praeterea
1152 2676 1237 2733 variis
1256 2677 1380 2734 eiusdem
1398 2677 1502 2734 aetatis
1518 2674 1649 2732 manibus
1666 2674 1776 2732 librarii
1793 2679 1886 2733 textus

441 2760 486 2826 (11
491 2762 511 2825 ¹)
524 2760 673 2833 corrigitur
684 2760 763 2830 (Eu.
793 2762 827 2816 In
843 2761 971 2832 margine
988 2761 1094 2832 passim
1111 2763 1320 2820 emendationes
1332 2764 1482 2832 66666666
1494 2760 1629 2819 lectiones
1643 2762 1784 2818 adduntur
1801 2762 1885 2834 scrip

441 2850 506 2902 tura
529 2847 640 2902 diversa
658 2847 742 2918 (E'),
768 2849 817 2903 sed
840 2846 965 2903 eiusdem
988 2866 1051 2904 curn
1073 2851 1153 2905 textu
1171 2850 1236 2919 (El)
1260 2850 1377 2916 aetatis,
1400 2867 1485 2919 quae,
1513 2851 1545 2904 ut
1568 2847 1781 2921 dittographiae
1804 2850 1885 2905 modo

441 2933 582 2999 laudatae,
600 2932 718 2989 alterius
735 2934 903 2990 recensionis
922 2934 1032 3006 copiam
1046 2936 1195 3005 praebent;
1213 2937 1345 3008 exempla
1361 2941 1426 2992 sunt
1438 2935 1543 2990 Theod.
1558 2936 1605 3001 1,7
1623 2934 1682 3002 (Es
1700 2934 1884 3003 6666111)-

442 3020 493 3086 1,9
510 3050 543 3060 -
559 3018 628 3083 358
645 3049 677 3058 -
696 3020 780 3085 15,10
796 3048 831 3059 -
843 3019 954 3076 Valent.
967 3021 1071 3085 35,118
1087 3021 1146 3089 (E'
1161 3039 1222 3077 cam
1235 3021 1319 3092 ΙΝ.)
1336 3052 1369 3063 -
1387 3021 1532 3077 11616666.
1545 3023 1569 3087 1,
1581 3024 1615 3078 66
1634 3053 1666 3062 -
1685 3022 1709 3086 1,
1724 3022 1772 3077 155
1786 3024 1838 3077 661.
1853 3052 1883 3060 -

441 3105 483 3160 De
500 3104 669 3162 0616616666
691 3104 792 3176 6616616
813 3123 838 3161 a
853 3107 921 3161 1566
944 3105 1076 3161 editionis
1094 3106 1264 3164 lectionibus
1284 3109 1320 3163 ad
1338 3107 1440 3163 librum
1453 3108 1483 3162 E
1497 3106 1622 3178 proxime
1640 3106 1838 3164 accedentibus
1855 3108 1884 3162 iu

441 3190 537 3262 666116
555 3195 633 3247 sexto
650 3192 808 3249 disseretur.
827 3221 861 3232 -
879 3190 991 3247 Contuli
1010 3192 1134 3249 codicem
1145 3194 1177 3247 Ε
1190 3193 1347 3265 Eporediae
1364 3196 1517 3274 aestates.
1531 3195 1606 3250 1901.

529 3293 624 3365 Bocuy
640 3294 680 3349 Le
695 3295 947 3351 Peene-Romnae
969 3295 1133 3351 murdtiouis
1152 3296 1235 3352 66666
1252 3297 1454 3369 (3666651666)
1478 3300 1508 3352 61
1524 3297 1648 3351 Puriaiui
1669 3298 1716 3353 lut.
1728 3304 1800 3352 4406
1816 3314 1885 3367 pars
1911 3290 1965 3355 *Ε

439 3380 517 3448 prior
533 3379 655 3435 11-56
676 3379 807 3449 (1166661,
825 3398 889 3437 666.
902 3383 1019 3438 consti
1038 3406 1071 3429 =
1089 3383 1169 3439 Brev.
1183 3384 1223 3438 11.
1239 3384 1313 3454 116),
1338 3384 1373 3440 66
1396 3384 1499 3453 661566
1516 3384 1669 3440 Mommsen
1689 3383 1718 3439 16
1742 3382 1883 3440 66166166

440 3464 531 3536 primo
549 3484 576 3536 p.
588 3470 698 3520 LXVIII
708 3484 767 3536 sqq.
786 3468 859 3538 egit,
882 3467 964 3523 unius
987 3465 1091 3523 6661616
1113 3466 1181 3522 olim
1199 3466 1347 3523 Vesontini
1368 3472 1463 3538 partes
1481 3471 1554 3523 6661.
1593 3467 1779 3536 3666651666,
1800 3485 1883 3538 quem

439 3568 495 3607 uon
511 3549 583 3617 6161,
602 3549 734 3608 maiorem
752 3552 934 3609 Novellarum
952 3553 1232 3623 6661666181-118
1250 3552 1376 3609 66611661
1394 3553 1458 3608 1666
1476 3571 1494 3608 6
1511 3554 1616 3609 16666.
1628 3555 1652 3619 3,
1664 3553 1698 3608 36
1713 3554 1885 3623 masnadam

439 3654 528 3707 66666
545 3637 582 3693 66
599 3636 745 3693 Maioriani
763 3639 786 3703 1,
799 3639 832 3694 41
850 3638 966 3703 fortusse
983 3637 1125 3704 defuerint,
1143 3638 1192 3694 ubi
1209 3638 1346 3695 Novellae
1364 3638 1504 3695 deficiunt.
1524 3670 1556 3679 -
1574 3639 1815 3707 Ρ661616664406,
1834 3640 1883 3709 661

438 3724 610 3781 diversorum
628 3724 755 3780 codicum
779 3724 896 3781 lacinias
918 3724 1037 3781 aPetro
1055 3723 1174 3781 Pithoeo
1197 3724 1225 3779 in
1250 3742 1336 3779 unum
1358 3725 1486 3781 volumen
1509 3729 1656 3798 congestas
1679 3726 1882 3797 complectitur,

438 3829 472 3867 ex
496 3810 625 3867 manibus
649 3810 709 3867 eius
735 3810 764 3866 in
788 3810 991 3868 bibliothecam
1014 3810 1204 3868 Colbertinam
1226 3812 1380 3867 1666616166
1404 3829 1573 3882 numeroque
1592 3813 1657 3869 1761
1680 3812 1808 3883 signatus
1832 3815 1882 3877 est,

439 3905 501 3954 tum
518 3899 548 3954 iu
565 3897 684 3969 Regiam
704 3896 910 3954 Bibliothecam
928 3898 1006 3954 veuit
1026 3902 1056 3955 61
1072 3915 1214 3954 numerum
1234 3898 1346 3968 accepit
1364 3900 1441 3954 5159.
1475 3898 1516 3954 Ex
1534 3899 1657 3970 quinque
1675 3897 1779 3954 codicis
1797 3897 1883 3968 parti-

438 3986 491 4039 bus
508 3986 555 4057 (61.
567 3985 683 4050 Η66661,
702 3985 777 4039 Drcu.
795 4002 823 4054 p.
836 3989 883 4039 LII
892 4003 933 4055 sq.
950 3989 1060 4040 LXVIII
1069 3986 1121 4054 66.)
1137 3984 1230 4055 prima
1248 3984 1277 4051 (1
1289 3955 1433 4054 1-561ι61
1451 3985 1537 4040 tertia
1555 3987 1583 4055 (1.
1595 3984 1708 4052 60-61)
1725 3983 1762 4038 66
1784 3982 1883 4039 editio

437 4086 502 4125 nem
530 4074 653 4126 nostram
681 4069 833 4141 pertinent.
874 4070 916 4125 De
939 4069 1015 4126 161116
1037 4071 1149 4127 60-61
1173 4087 1206 4125 ex
1228 4069 1357 4126 Parisino
1374 4071 1443 4126 9652
1466 4070 1556 4138 (66516
1575 4072 1609 4139 a)
1634 4070 1750 4136 avulsis,
1776 4069 1882 4141 qnippe

437 4156 541 4227 quibus
553 4156 682 4214 novellae
693 4160 773 4213 extra
784 4155 958 4212 Breviarium
970 4158 1080 4228 6661166
1092 4158 1259 4223 habeantur,
1271 4156 1301 4213 in
1313 4155 1409 4228 666116
1420 4161 1522 4226 666616
1534 4174 1625 4228 agam.
1652 4158 1686 4212 16
1697 4159 1779 4228 parte
1791 4157 1883 4227 prima

437 4261 493 4300 non
518 4243 700 4301 continentur
725 4241 780 4298 uisi
806 4243 933 4300 novellae
957 4243 1246 4300 15666.1-2-3
1269 4261 1356 4313 usque
1382 4245 1418 4299 ad
1445 4263 1470 4299 v.
1487 4243 1521 4298 39
1544 4243 1684 4314 dispendio
1706 4244 1882 4308 1661666666

436 4331 525 4399 666116
547 4331 576 4399 (1.
594 4329 765 4399 461-48’);
794 4331 940 4399 praeterea
965 4330 983 4385 1.
1000 4331 1055 4386 45*
1082 4330 1279 4387 constitutioni
1304 4329 1513 4386 sirmondianae
1530 4330 1547 4386 3
1571 4331 1668 4386 eadem
1694 4333 1781 4400 atquc
1807 4328 1836 4384 16
1854 4329 1884 4385 Ε

436 4418 566 4475 novellae
589 4418 724 4475 116663
747 4419 832 4475 verba
849 4418 895 4487 (24
911 4419 1021 4474 masne
1124 4421 1158 4476 ’10
1174 4420 1323 4489 relegionis)
1347 4419 1514 4474 inseruntur.
1550 4415 1603 4473 Sed
1624 4416 1752 4486 quumvis
1776 4434 1881 4486 parvae

436 4503 495 4560 sint
519 4504 573 4559 has
595 4504 778 4561 Novellarnm
801 4504 972 4575 particulae,
999 4508 1094 4561 tamen
1115 4504 1221 4561 librum
1238 4506 1284 4560 *E
1307 4508 1338 4561 et
1363 4504 1394 4559 in
1416 4504 1470 4560 hac
1493 4504 1576 4573 parte
1597 4501 1721 4573 proxime
1744 4502 1840 4558 abesse
1863 4521 1881 4558 a

437 4588 534 4645 666166
546 4590 578 4644 Ε
592 4589 662 4646 66116
674 4590 852 4661 perspicitur.
883 4590 983 4660 Neque
1001 4590 1076 4647 enim
1092 4590 1181 4647 solum
1199 4591 1345 4662 utriusque
1362 4590 1429 4646 libri
1447 4589 1521 4654 crdo,
1540 4589 1744 4661 orthographia
1761 4591 1791 4644 ct
1808 4607 1879 4644 com-

436 4673 542 4745 pendia
559 4674 740 4741 concordant,
766 4694 862 4732 666616
879 4674 968 4733 etiam
985 4676 1122 4733 lectiones
1139 4677 1306 4749 singulares,
1330 4675 1552 4741 emendationes,
1575 4675 1751 4744 corruptelae
1768 4674 1836 4729 libri
1853 4674 1883 4728 E

436 4760 466 4815 in
484 4764 565 4818 textu
583 4760 688 4817 codicis
706 4762 753 4816 ‘E
767 4763 886 4818 redeunt
891 4783 898 4827 ;
917 4762 966 4817 ubi
984 4762 1055 4819 duae
1074 4762 1207 4821 lectiones
1224 4764 1254 4819 in
1269 4761 1451 4835 Eporediensi
1468 4762 1617 4828 habentur,
1634 4761 1726 4817 altera
1744 4762 1772 4816 in
1790 4763 1879 4827 textu,

435 4846 527 4902 altera
549 4846 578 4902 in
601 4846 739 4919 margine,
760 4852 880 4918 utraque
902 4848 932 4904 in
950 4848 1072 4905 Parisini
1095 4853 1203 4905 textum
1225 4849 1368 4920 recipitur.
1405 4847 1518 4919 Optime
1542 4848 1629 4919 igitur
1647 4846 1733 4904 etiam
1751 4845 1878 4903 Novellis

435 4934 601 4990 hiomruseni
622 4933 763 4990 sententia
784 4935 974 4999 confirmatur,
997 4934 1046 5004 qui
1069 4934 1174 4991 librum
1193 4937 1318 4989 nostrum
1337 4934 1509 5004 descriptum
1532 4951 1591 4990 6666
1614 4952 1648 4990 ex
1665 4932 1695 4988 E
1717 4933 1877 4991 arbitretur.

437 5021 510 5076 Nam
528 5037 591 5075 cum
608 5021 690 5092 parvi
708 5021 842 5077 momenti
859 5019 1047 5086 differentiae,
1070 5038 1143 5091 6666
1161 5022 1235 5078 inter
1252 5025 1400 5091 utrumque
1418 5020 1542 5077 codicem
1559 5020 1749 5085 intercedunt,
1773 5018 1878 5074 codicis

436 5106 483 5160 *E
502 5106 618 5162 librario
640 5106 701 5163 sine
725 5107 811 5163 dubio
832 5107 999 5162 tribuendae
1017 5106 1086 5173 sint,
1109 5125 1163 5161 non
1182 5107 1329 5172 habemus,
1355 5124 1403 5160 cur
1427 5107 1462 5161 de
1484 5107 1574 5163 altero
1595 5106 1750 5175 archetypo
1773 5104 1877 5175 cogite·

434 5211 504 5248 mus.
522 5224 558 5235 —
575 5194 607 5248 ln
624 5197 765 5264 apparatu
785 5193 875 5248 varias
893 5192 1027 5249 lectiones
1046 5193 1149 5249 codicis
1168 5193 1283 5248 Parisiis
1301 5211 1325 5248 a.
1340 5193 1405 5248 1901
1425 5190 1523 5248 6611611
1541 5191 1704 5262 plerumque
1721 5190 1842 5261 neglext.

521 5295 667 5351 Parisinus
683 5306 751 5352 4414
773 5315 845 5353 saec.
857 5302 883 5351 11
906 5297 991 5354 666116
1013 5298 1143 5353 manibus
1164 5298 1285 5367 scriptus
1307 5296 1436 5365 (Haenel,
1455 5314 1517 5353 666.
1535 5299 1621 5352 const.
1634 5296 1669 5352 32
1686 5318 1719 5341 --
1736 5294 1816 5351 3666.
1829 5294 1876 5358 32;
1904 5298 2017 5351 Periclea
2027 5304 2094 5352 4414

434 5382 595 5449 Mommsen,
607 5382 736 5440 'l'heodl
747 5403 775 5455 p.
785 5387 912 5454 XCVIII),
930 5383 998 5440 clim
1017 5385 1102 5441 codex
1114 5383 1280 5456 Bigotianus
1296 5382 1340 5438 661
1357 5382 1541 5440 Memmianus
1552 5383 1594 5449 08,
1611 5386 1672 5440 tum
1684 5379 1877 5470 3661664960,
