4959 6134
855 1488 1001 1561 INDEX
1027 1485 1320 1560 TITVLORVM.

471 1690 505 1745 de
523 1688 721 1745 adluvionibus
738 1692 768 1744 et
787 1686 939 1759 paludibus
959 1685 1105 1741 THEOD.
1123 1686 1176 1740 XX
1193 1684 1250 1740 BR.
1270 1684 1296 1739 X

473 1780 506 1833 de
525 1775 672 1832 adulteriis
690 1773 905 1830 MAIORIAN.
923 1773 1005 1829 VIIII

472 1866 507 1920 de
525 1862 661 1919 aedificiis
679 1861 802 1934 publicis
819 1859 1041 1918 MAIORIAN.
1061 1861 1115 1915 IIII

473 1952 507 2007 de
525 1951 634 2007 ambitu
652 1956 682 2005 et
699 1949 769 2006 Iocis
786 1947 941 2005 limitaneis
958 1946 1029 2003 inibi
1046 1946 1227 2003 redhibendis
1248 1944 1394 2000 THEOD.
1413 1944 1520 1998 XXIIII

473 2039 507 2095 de
526 2042 621 2094 amota
638 2035 828 2093 militantibus
845 2034 899 2090 fori
917 2033 1139 2105 praescriptione
1160 2032 1306 2088 THEOD.
1320 2032 1373 2086 VII

475 2211 508 2266 de
527 2211 607 2268 bonis
624 2209 738 2266 caducis
754 2209 814 2265 sive
832 2208 1052 2279 proscriptorum
1071 2204 1327 2261 MAIORIAIVV

474 2301 509 2354 de
533 2298 614 2354 bonis
638 2296 815 2355 decurionum
843 2300 873 2353 et
900 2295 934 2350 de
960 2293 1137 2351 naturalibus
1163 2292 1230 2347 filiis
1257 2310 1351 2348 eorum
1379 2291 1408 2345 in
1435 2291 1540 2345 curiam
1566 2288 1712 2346 mittendis

577 2385 782 2454 heredibusque
800 2382 953 2439 scribendis
973 2380 1119 2437 THEOD.
1134 2380 1214 2434 XXII
1232 2378 1289 2434 BR.
1303 2378 1342 2433 XI

475 2474 510 2528 de
528 2472 608 2529 bonis
624 2470 823 2527 fabricensium
843 2468 990 2525 THEOD.
1002 2468 1042 2523 VI

476 2562 510 2615 de
527 2558 608 2613 bonis
627 2557 793 2613 vacantibus
810 2554 994 2611 ANTHEM.
1007 2554 1048 2609 111

477 2732 511 2788 de
530 2730 636 2787 colonis
653 2730 735 2802 vagis
752 2733 782 2786 et
800 2732 834 2786 de
852 2731 968 2788 advenis
985 2731 1151 2787 VALENT.
1165 2732 1257 2787 XXXI
1276 2734 1333 2788 BR.
1347 2731 1429 2788 VIIII

476 2820 510 2873 de
529 2815 724 2874 confirmandis
742 2817 787 2872 his
805 2836 877 2888 quae
896 2817 1157 2875 administrantibus
1176 2819 1220 2876 vel
1239 2820 1385 2889 publicum
1403 2818 1526 2874 officium
1545 2818 1707 2889 gerentibus

581 2904 718 2961 distracta
745 2910 810 2961 sunt
838 2906 882 2960 vel
910 2905 1014 2961 donate
1040 2911 1070 2962 et
1097 2907 1131 2960 de
1161 2906 1308 2961 advocetis
1332 2906 1375 2961 vel
1401 2906 1435 2960 de
1463 2905 1563 2961 ceteris
1589 2904 1711 2975 negotiis

586 2991 755 3047 VALENT.
767 2993 874 3048 XXXII
891 2992 949 3048 BR
967 2992 993 3047 X

478 3080 513 3135 de
532 3078 742 3134 confirmatione
761 3078 833 3149 Iegis
852 3079 877 3133 d.
897 3097 922 3133 n.
941 3078 1043 3135 Leonis
1060 3081 1093 3133 A.
1113 3078 1297 3133 ANTHEM.
1310 3080 1336 3133 II

479 3167 513 3218 de
532 3164 740 3219 confirmatione
766 3164 861 3236 legum
889 3164 947 3219 divi
970 3164 1121 3220 Theodosii
1146 3166 1219 3237 Aug.
1242 3182 1314 3235 quae
1342 3163 1419 3219 Istue
1445 3168 1511 3220 sunt
1538 3168 1602 3234 post
1625 3164 1713 3219 'Pheo-

585 3248 731 3305 dosianum
753 3250 919 3306 VALENT.
933 3251 1025 3304 XXVI

481 3340 515 3392 de
534 3336 743 3394 confirmatione
760 3337 854 3409 legum
872 3336 1045 3393 novellarum
1063 3337 1123 3392 divi
1141 3338 1291 3395 'l'heodosii
1309 3339 1344 3392 A.
1370 3337 1520 3393 THEOD.
1540 3336 1596 3393 BR.
1615 3338 1640 3391 II

482 3425 516 3481 de
533 3422 772 3495 conpetItionibus
792 3422 942 3480 THEOD.
954 3424 1035 3479 XVII

533 3515 631 3567 contra
648 3510 802 3567 sententias
820 3511 1025 3581 praefectorum
1042 3512 1184 3583 praetorIo
1202 3510 1322 3567 iniustas
1335 3515 1400 3582 poet
1417 3511 1617 3567 succemiouem
1637 3511 1712 3565 intra

586 3596 729 3654 biennium
746 3596 963 3669 supplicandum
983 3597 1130 3654 THEOD.
1143 3598 1210 3653 XIII
1229 3597 1285 3653 BR.
1298 3598 1337 3653 VI

483 3684 517 3740 de
540 3682 695 3756 corporatis
720 3684 797 3739 urbis
814 3682 920 3740 Romne
943 3683 993 3755 qui
1016 3684 1054 3740 ad
1076 3684 1208 3739 militiam
1231 3686 1276 3740 vel
1302 3684 1339 3740 ad
1361 3685 1526 3741 clericatum
1554 3683 1718 3740 transierint

585 3769 750 3827 revocandis
774 3770 939 3826 VALENI'.
952 3771 1003 3825 XX

484 3860 518 3914 de
537 3857 689 3914 curIaIibus
707 3860 737 3913 et
756 3856 790 3911 de
808 3856 960 3929 agnatione
973 3857 1017 3911 vel
1036 3857 1219 3914 distractione
1237 3858 1414 3928 praediorum
1433 3876 1526 3914 corum
1547 3856 1628 3912 etde
1650 3860 1721 3912 cete·

587 3945 626 4001 ris
643 3942 766 4016 negotiis
782 3942 996 4000 MAIOBIAN.
1009 3943 1062 3999 VII
1081 3944 1136 3998 BR.
1154 3944 1168 3998 I

485 4125 519 4181 de
538 4121 728 4180 defensoribus
745 4121 895 4179 civitatum
915 4120 1127 4179 MAIORIAN.
1140 4122 1182 4177 III

486 4298 520 4352 de
539 4297 695 4370 episcopali
714 4298 818 4355 indicio
836 4303 867 4356 et
884 4300 919 4355 de
937 4298 1054 4355 diversis
1072 4298 1195 4370 negotiis
1219 4298 1391 4355 VALENT.
1403 4298 1508 4353 XXXV
1526 4298 1583 4355 BR.
1602 4299 1654 4353 XII

487 4387 520 4440 de
539 4384 696 4456 episcopali
723 4384 828 4440 iudicio
853 4388 882 4442 et
908 4403 942 4440 nc
967 4385 1030 4455 quis
1056 4385 1163 4441 invitus
1185 4385 1302 4442 clericus
1328 4385 1472 4441 ordinetur
1496 4385 1539 4440 vel
1565 4384 1599 4440 de
1623 4383 1724 4440 ceteris

589 4470 711 4542 negotiis
729 4470 946 4526 MAIORIAN.
960 4472 999 4525 XI
1017 4470 1074 4526 BR.
1094 4472 1121 4526 II

487 4561 522 4614 <le
540 4557 734 4629 episcoporum
753 4556 927 4613 ordinatione
947 4557 1116 4614 VALENI'.
1129 4558 1208 4613 XVII

488 4732 522 4788 de
540 4732 679 4788 fructibus
704 4731 778 4786 inter
800 4730 933 4786 maritum
956 4735 986 4787 et
1008 4749 1122 4788 uxorem
1146 4732 1275 4803 expensis
1300 4731 1365 4788 filiis
1384 4732 1428 4788 vel
1446 4731 1597 4788 heredibus
1614 4750 1668 4787 non
1687 4731 1726 4786 in-

591 4817 724 4889 putandis
746 4817 913 4873 VALENT.
927 4817 1007 4871 XIIII
1028 4817 1115 4874 BR.I

489 4992 524 5046 de
543 4988 701 5046 homicidiis
719 5006 785 5045 casu
803 4990 888 5046 factis
905 5007 993 5046 necne
1017 4988 1186 5045 VALENT.
1202 4990 1309 5045 XVIIII
1328 4990 1385 5046 BR.
1403 4991 1444 5045 III

490 5078 524 5131 de
542 5076 687 5133 honoretis
704 5079 734 5132 et
751 5075 814 5145 quis
832 5076 862 5130 in
880 5076 968 5147 gradu
986 5076 1161 5146 praeferatur
1181 5075 1319 5132 VALEN
1322 5077 1350 5131 T.
1363 5077 1402 5131 XI

541 5250 571 5304 in
590 5248 720 5304 damnum
738 5248 884 5318 publicum
902 5248 1030 5306 eIIcitum
1048 5267 1102 5304 non
1124 5249 1216 5305 valere
1234 5249 1400 5320 rescriptum
1420 5267 1470 5303 nec
1488 5249 1626 5319 specialis
1643 5249 1723 5304 bens·

594 5336 658 5390 ficia
676 5335 853 5406 generalibus
871 5336 1053 5406 praeferenda
1078 5334 1247 5390 VALENT.
1261 5336 1316 5390 IIII

491 5423 592 5479 Tnsoo.
611 5423 646 5476 11.
1593 5425 1625 5477 II
