4959 6134
943 1451 1090 1520 canT
1118 1454 1355 1521 OCTAVVM.

520 1642 1001 1727 CONSTITVTIONVM
1031 1642 1388 1726 ACCEPTORES
1422 1644 1489 1725 ΕΤ
1525 1644 1782 1728 TEMPORA

1022 1780 1277 1877 LOCIQVE.

506 1980 566 2036 lloc
578 1980 673 2052 capite
685 1978 835 2036 laterculos
844 1979 913 2033 duos
925 1979 1113 2050 proponimus,
1127 1980 1247 2034 alterum
1260 1996 1362 2045 eorum,
1376 1979 1478 2048 quibus
1487 1981 1704 2037 constitutiones
1717 1982 1871 2052 inscriptae

424 2071 499 2134 sunt,
512 2068 632 2123 altorum
644 2084 780 2123 annorum
792 2065 899 2121 diemm
912 2066 1044 2132 locorum,
1061 2083 1129 2135 quos
1145 2066 1365 2135 subscriptiones
1378 2084 1446 2137 prae
1458 2084 1488 2121 es
1500 2067 1600 2122 lerunt.
1631 2067 1870 2124 Constitutionum

425 2156 563 2219 auctores,
581 2152 691 2209 scilicet
709 2153 900 2223 imperatores,
919 2151 1067 2219 dequibus
1085 2151 1114 2204 in
1127 2152 1217 2205 altero
1229 2150 1367 2207 laterculo
1385 2152 1443 2206 suis
1460 2153 1529 2208 locis
1542 2153 1699 2220 disseretur,
1718 2155 1871 2225 separatim

424 2256 568 2294 recensere
590 2257 795 2310 supervacuum
818 2237 907 2292 visum
931 2240 981 2292 est.
1022 2237 1121 2306 Neque
1142 2238 1235 2309 magis
1257 2256 1326 2308 opus
1348 2243 1391 2294 est
1413 2239 1490 2311 leges
1512 2258 1650 2310 exponere
1673 2240 1703 2295 in
1726 2240 1871 2296 laterculis

426 2325 534 2380 duobus
546 2325 728 2380 instituendis
740 2325 911 2390 observatas,
926 2324 1033 2394 quippe
1046 2316 1195 2393 dequibus
1208 2324 1360 2380 Mommsen
1373 2325 1402 2380 in
1417 2326 1558 2381 volumine
1569 2328 1660 2397 primo
1674 2345 1701 2397 p.
1711 2331 1804 2381 CLVII
1810 2345 1870 2397 sqq.

426 2410 637 2466 accuratissime
656 2415 742 2478 atque
764 2410 945 2482 sagacissime
964 2409 1159 2479 disputaverit.
1196 2410 1236 2463 llx
1255 2410 1504 2467 constitutionibus
1521 2417 1602 2469 extra
1618 2412 1801 2468 Novellarum
1818 2414 1872 2482 syl-

427 2497 506 2569 logus
524 2495 643 2552 servatis
660 2499 792 2565 receptae
809 2515 864 2552 non
882 2501 948 2551 sunt
964 2495 1019 2549 nisi
1038 2496 1227 2552 Iustinianeae
1246 2497 1282 2550 ad
1301 2514 1326 2552 a.
1339 2498 1485 2552 438-457
1504 2502 1673 2570 spectantes.
1693 2499 1803 2554 scilicet
1821 2499 1870 2553 im·

426 2588 586 2654 paratorum
604 2582 754 2639 Theodosii
774 2584 809 2638 ll.
827 2587 856 2639 et
874 2582 1022 2637 Marciani:
1046 2600 1163 2650 quarum
1182 2582 1379 2653 inscriptiones
1400 2587 1485 2653 atque
1504 2584 1722 2654 subscriptiones
1740 2603 1758 2639 a
1775 2584 1872 2639 'l'ribo-

426 2669 521 2724 nianis
538 2669 740 2740 interpolatae,
765 2669 794 2723 iu
818 2668 961 2739 plerisque
979 2668 1078 2723 deinde
1097 2668 1241 2724 codicibus
1260 2670 1424 2725 decurtatae
1447 2674 1573 2725 autnon
1594 2675 1723 2726 servatae
1746 2670 1800 2724 nisi
1824 2689 1873 2740 per

426 2754 617 2810 Haloandrum
636 2754 782 2810 (lutacium
801 2754 932 2810 Contium
950 2755 1034 2820 alios,
1057 2754 1106 2810 ubi
1125 2754 1307 2811 authenticae
1326 2755 1542 2811 constitutiones
1560 2756 1637 2826 ipsae
1656 2756 1764 2819 desunt,
1782 2757 1872 2810 multo

426 2841 560 2898 minorem
585 2847 671 2910 atque
696 2841 725 2895 in
744 2841 873 2897 Novellis
896 2842 977 2896 fidem
996 2845 1144 2897 merentur.
1169 2874 1201 2882 -
1226 2842 1371 2896 Formulas
1393 2842 1422 2896 in
1443 2840 1697 2912 subscriptionibus
1715 2841 1872 2905 sollemnes,

425 2944 498 2995 quae
522 2927 732 2983 constitutionis
758 2927 851 2995 datae,
877 2934 1011 2996 acceptos,
1032 2929 1188 2997 propositos
1213 2927 1272 2983 dies
1298 2928 1429 2997 locosque
1454 2928 1615 2992 enuntiant,
1642 2926 1793 2982 Mommsen
1817 2927 1836 2982 l.
1853 2927 1871 2982 1.

427 3030 455 3083 p.
465 3018 613 3082 CLlllsqq.
626 3012 792 3083 explicavit;
811 3014 845 3068 dc
859 3013 1040 3067 Novellurum
1054 3013 1289 3083 subscriptionum
1302 3012 1549 3085 singularitatibus
1566 3030 1650 3081 supra
1662 3029 1690 3081 p.
1700 3016 1823 3065 LXXXII
1830 3029 1871 3079 sq.

426 3098 482 3170 egi.
512 3129 545 3138 -
574 3099 615 3155 De
643 3099 803 3154 consulibus
830 3099 950 3167 aliisque
977 3098 1190 3169 magistratibus
1217 3101 1342 3156 conseras
1371 3098 1534 3154 Mommseni
1556 3097 1690 3151 aaronica
1716 3097 1821 3150 minora
1847 3097 1870 3164 (l

426 3203 454 3256 p.
466 3184 597 3255 530sqq.)
616 3190 646 3240 et
662 3185 771 3243 Seeckii
790 3186 1000 3241 dissertationes
1018 3186 1095 3255 apud
1112 3185 1357 3256 Pauly-Wissowa
1375 3185 1440 3253 (vol.
1454 3185 1542 3253 l-V)
1562 3182 1696 3254 proditas.

494 3436 533 3546 l.
566 3434 1248 3546 CONSTITVTIONVM
1283 3433 1803 3545 AOCEPTORES.

986 3636 1313 3702 marcescens.
1894 3693 2063 3758 mnan„

427 3782 548 3820 nomvs
568 3766 808 3834 semimarem)
820 3782 943 3820 mcumvs
961 3783 1057 3820 vrcros
1076 3783 1110 3820 uc
1150 3767 1202 3819 447
1221 3765 1310 3821 Oct.l
1331 3766 1446 3832 (Theod.
1460 3767 1495 3834 2).
1873 3793 2079 3802 -——-

461 3868 657 3907 minsasroa
674 3868 779 3905 suarm
798 3869 937 3906 svovsnvs
956 3870 1043 3907 nmis

498 3938 569 4005 (scil.
587 3938 727 3992 llieodosii
739 3942 786 4008 ᾗ).
800 3939 835 3993 Δ.
844 3940 945 4007 patris)

919 4076 1128 4142 SENATVS
1163 4076 1379 4143 POPVLVe

425 4222 558 4261 coruscas
576 4222 731 4261 ramosas
745 4224 858 4261 rsmvru
875 4223 968 4261 rasam
986 4224 1106 4262 scurris
1149 4208 1202 4262 450
1219 4207 1332 4263 Marti>
1351 4206 1473 4273 (Valent.
1489 4208 1510 4271 l,
1521 4204 1557 4274 3).

782 4293 839 4348 scil.
858 4293 934 4348 urbis
952 4292 1057 4349 Romae

425 4429 547 4468 aarum
566 4431 645 4468 vnsrs
661 4430 1003 4470 corsrasrmosonrram
1150 4414 1202 4468 439
1220 4413 1297 4484 Sept.
1312 4415 1344 4469 12
1363 4413 1478 4481 (Theod.
1493 4413 1572 4480 15,1)

461 4500 521 4555 urb.
534 4499 627 4556 Const.
641 4517 690 4556 osc.
704 4501 770 4557 lust.
785 4504 807 4567 l,
821 4501 890 4566 14,8
1151 4502 1203 4555 446
1221 4500 1282 4555 Oct.
1297 4502 1329 4554 17
1348 4501 1427 4568 (lust.
1441 4501 1464 4564 1,
1476 4499 1517 4564 14,
1526 4499 1562 4568 8).

426 4688 547 4727 seuam
1149 4672 1201 4725 458
1221 4672 1278 4726 lan.
1292 4672 1322 4725 ll
1342 4670 1498 4739 (Maiorian.
1512 4671 1546 4739 1).

460 4751 515 4805 scil.
533 4750 610 4805 urbis
630 4749 733 4806 Romae

427 4868 549 4908 rossus
566 4869 697 4908 aonsvs
1150 4853 1202 4907 440
1221 4852 1279 4906 lun.
1293 4854 1327 4906 24
1345 4851 1470 4919 (Valent.
1483 4852 1511 4917 9)

1147 4939 1199 4992 445
1218 4938 1275 4992 lan.
1290 4937 1322 4992 18
1341 4938 1463 5005 (Valent.
1478 4937 1530 5004 16).

427 5077 548 5117 somvs
1148 5060 1201 5115 440
1218 5058 1331 5114 Mart3
1349 5058 1473 5125 (Valent.
1486 5059 1514 5126 5)

460 5148 514 5202 scil.
532 5146 610 5203 urbis
629 5147 733 5203 Romae
758 5146 889 5200 Veiento
1147 5147 1197 5202 451
1218 5146 1316 5201 lulla
1336 5145 1414 5213 (lust.
1429 5144 1451 5208 1,
1463 5145 1504 5209 12,
1514 5144 1550 5213 5).

537 5233 615 5290 urbis
633 5232 962 5303 Constantinopolitanae

580 5320 649 5375 lust
662 5320 760 5386 1‚12,5

425 5422 544 5463 mom
1149 5406 1201 5461 450
1218 5405 1280 5459 Oct.
1295 5406 1325 5460 11
1345 5404 1488 5474 (Marcion.
1503 5404 1535 5471 1).

531 5509 636 5566 Tuon.
649 5510 685 5566 11.
