4959 6134
1100 580 1134 596 -
1172 548 1260 604 LXIX
1294 581 1328 591 -

541 703 687 762 Maioriau.
699 704 750 771 ‘bl
855 704 965 774 nervos]
979 704 1038 760 Oui.
1051 721 1134 774 nsorp.
1144 704 1224 776 (γρ)
1236 720 1271 760 cc
1284 706 1356 761 Pia.
1368 705 1417 773 (ud
1430 705 1502 762 sict.
1514 722 1541 760 a.
1550 708 1578 776 9)
1589 722 1648 763 cam
1660 705 1866 762 ΓΗΧΡΜΚΦ
1878 707 1937 763 Vnt.

905 808 956 862 req.
969 799 1042 855 1128,
1060 809 1153 847 servos
1167 791 1226 847 Cui.
1238 797 1299 847 tect.
1312 808 1344 847 cx
1356 791 1424 848 Sidi.

595 907 629 920 -
693 878 723 936 11
855 877 894 932 ad
904 876 1053 931 iassiticima
1060 883 1124 945 poet
1136 877 1170 934 20
1180 877 1369 947 permittimus
1380 879 1509 933 insenum
1520 878 1580 935 Oroi.
1590 898 1672 951 marp.
1682 882 1802 935 obeeuat
1812 882 1937 949 ‘sequen-

904 963 947 1020 tia
964 981 1020 1019 uon
1037 967 1118 1021 omns
1134 964 1164 1019 in
1178 964 1244 1020 vet?
1254 964 1396 1020 Pitbocum
1413 970 1526 1033 secatus,
1542 967 1590 1035 qai
1606 967 1637 1020 in
1648 967 1717 1022 Sidi.
1730 969 1837 1036 cccmpt.
1849 967 1939 1024 Paria.

905 1050 1072 1107 1141143444
1089 1050 1127 1104 ad
1144 1050 1253 1106 eandm
1271 1053 1358 1108 Ionem
1375 1051 1487 1107 adnotat
1503 1052 1567 1109 ‘non
1586 1059 1650 1111 sunt
1668 1054 1697 1109 in
1716 1054 1781 1111 vet'

579 1158 603 1213 3.
633 1157 734 1211 Earum
757 1155 924 1222 lectionum,
948 1172 1021 1224 quae
1047 1172 1137 1225 neque
1160 1155 1188 1210 in
1211 1155 1395 1212 Sicbardiana
1418 1162 1582 1227 comparent
1605 1176 1695 1228 neque
1720 1175 1752 1213 ex
1775 1157 1939 1213 Pithoeanis

491 1245 623 1314 sumptae
640 1245 719 1308 aunt,
741 1242 765 1297 si
784 1241 892 1298 Cuiacii
912 1242 1086 1300 coniecturas
1108 1243 1372 1313 praetermittimus,
1393 1248 1528 1312 quattuor
1545 1262 1648 1316 genera
1670 1245 1839 1301 secernenda
1862 1247 1940 1310 sunt;

491 1347 610 1399 quorum
629 1329 759 1400 exempla
776 1329 943 1401 gravissima
959 1329 1104 1385 laterculis
1122 1328 1275 1400 propositis
1292 1329 1472 1385 subiecimus:

521 1438 549 1503 a)
590 1432 695 1489 Theod.
725 1432 794 1499 3,83
932 1432 1040 1503 fryges]
1059 1433 1184 1503 phrygas
1201 1432 1282 1498 sua,
1301 1433 1454 1505 catafrigas
1469 1433 1527 1489 Oai.
1540 1450 1601 1488 cam
1612 1433 1671 1487 ΗΦ

583 1520 697 1575 Valent.
708 1519 751 1584 31,
761 1519 795 1573 33
932 1518 1128 1586 adsuetudine]
1143 1518 1201 1573 Oai.
1214 1535 1275 1573 cum
1287 1519 1321 1586 L,
1340 1521 1376 1574 ad
1395 1519 1623 1576 consuetudinem
1634 1517 1706 1574 Stet.

567 1605 701 1661 Marciam.
727 1607 750 1671 1,
759 1605 794 1661 68
931 1602 1074 1673 intimato]
1090 1602 1150 1659 thi.
1161 1620 1246 1674 mnrp.
1259 1620 1318 1658 cam
1332 1603 1456 1671 HNKL,
1475 1604 1616 1662 intentato
1630 1604 1689 1660 Oui.
1704 1609 1766 1660 text.
1780 1620 1812 1658 ca
1823 1603 1891 1659 Sida

621 1724 655 1734 -
724 1694 750 1758 4,
759 1692 794 1747 23
932 1689 1057 1761 penitus]
1069 1690 1105 1757 E,
1118 1693 1250 1760 putemus
1262 1690 1320 1747 eci.
1331 1707 1391 1746 cam
1401 1691 1522 1760 ΝΚΕΦ,
1536 1708 1585 1747 cm.
1593 1690 1662 1746 nidi.
1673 1708 1734 1745 cum
1744 1692 1854 1759 reliquie
1865 1691 1942 1745 libris

567 1778 812 1847 Maiorian.7‚110
933 1777 1072 1846 diurnum]
1093 1776 1152 1832 Cui.
1172 1793 1232 1832 acm
1250 1776 1409 1846 HNGKo,
1441 1777 1603 1834 diuturnum
1626 1777 1694 1833 aar.
1712 1794 1774 1832 cam
1796 1779 1841 1833 rel.
1859 1777 1943 1844 libris,

620 1972 656 1985 -
726 1944 749 2011 7,
761 1944 810 2001 118
931 1942 1114 2010 confectione]
1128 1940 1197 1998 Sicb.
1211 1958 1272 1997 nrm
1285 1941 1419 2011 picisque
1435 1942 1519 2012 titrr'e,
1540 1942 1712 1999 confessione
1726 1941 1785 1998 aas.
1798 1957 1860 1997 cum
1873 1941 1941 2010 HG,

533 2111 563 2177 b)
581 2107 715 2163 Marcion.
728 2107 752 2173 1,
762 2109 796 2163 33
933 2019 1124 2240 aliodiiigdffl
1140 2104 1199 2161 cci.
1212 2122 1274 2162 uem
1285 2106 1386 2176 ΝΕΦ,
1413 2107 1470 2162 alio
1491 2125 1547 2162 non
1565 2107 1634 2162 Pet
1648 2107 1698 2176 (ad
1709 2107 1805 2175 sut),
1831 2105 1861 2161 in
1883 2106 1941 2161 alia

990 2202 1020 2240 re
1107 2225 1113 2239 .

623 2301 658 2311 -
729 2271 796 2338 l,6't
935 2271 1104 2339 nostrorum]
1122 2270 1192 2324 Sica
1211 2285 1272 2324 cum
1285 2270 1418 2339 picisque
1435 2270 1520 2336 libris,
1535 2287 1583 2326 orn.
1601 2269 1830 2327 014ἱ.οαηιΝΕΦ

622 2389 656 2398 -
743 2386 777 2397 -
932 2356 1048 2426 invidia]
1064 2356 1195 2412 Oricum
1208 2356 1389 2424 ΗΝΕΚΕΦ,
1406 2373 1455 2411 om.
1470 2356 1542 2412 Sidi.

567 2444 713 2500 Maiorian
727 2445 752 2509 7,
761 2444 796 2499 34
934 2442 1048 2513 peribit]
1060 2443 1122 2498 cai.
1131 2459 1192 2498 crim
1199 2442 1383 2509 ΗΝΕΚΕΦ,
1399 2459 1449 2498 oro.
1458 2442 1537 2511 etot,
1554 2442 1711 2499 subiciatur
1720 2441 1791 2497 Pet.
1801 2440 1850 2509 (ad
1859 2440 1942 2504 sict.)

622 2560 657 2571 -
727 2531 839 2599 163164
935 2529 1050 2585 curialis
1068 2528 1172 2585 crimen
1191 2570 1278 2586 .....
1298 2529 1483 2598 fideiussione]
1503 2530 1561 2586 Occi.
1577 2546 1638 2584 cum
1656 2529 1781 2597 ΝΕΚΦ,
1807 2545 1857 2583 om.
1870 2526 1940 2582 sict.

992 2630 1054 2669 mem
1070 2615 1115 2669 rel.
1134 2614 1208 2668 tione

528 2707 555 2774 c)
599 2702 704 2759 Theod.
727 2704 778 2769 9,6
900 2755 904 2764 ,
933 2701 1043 2770 scaeva]
1061 2701 1122 2756 sola
1137 2700 1273 2755 euitat
1291 2700 1423 2767 casim,
1444 2718 1530 2757 saeva
1549 2699 1825 2771 Ocimarpsatiue')
1842 2699 1944 2755 aime

624 2820 657 2830 -
712 2788 752 2855 14,
762 2789 796 2843 77
934 2805 979 2844 res
1080 2786 1216 2843 reservari
1234 2792 1300 2857 post
1405 2788 1510 2844 fuerint
1528 2788 1705 2858 ubicumque]
1723 2804 1941 2843 res....reser-

995 2872 1055 2929 vari
1077 2877 1142 2943 post
1160 2913 1166 2927 .
1181 2913 1188 2927 .
1201 2914 1228 2929 ..
1247 2873 1351 2929 fuerint
1372 2891 1416 2929 res
1435 2892 1507 2942 quae
1528 2874 1594 2929 filiis
1616 2874 1689 2930 iuste
1711 2876 1776 2928 sunt
1800 2876 1941 2928 reservate

993 2958 1161 3027 ubicumque
1174 2958 1215 3024 E,
1239 2963 1305 3029 post
1410 2960 1515 3015 tirerint
1537 2978 1580 3015 res
1598 2977 1669 3029 quae
1692 2958 1758 3013 filiis
1779 2958 1854 3014 iuste
1876 2961 1942 3014 sunt

994 3050 1153 3101 reservatae
1170 3044 1340 3115 ubicumque
1357 3045 1415 3100 Oai.

623 3160 657 3171 -·-
711 3132 796 3197 15,14
934 3130 1065 3201 debitori]
1084 3130 1211 3187 debitum
1227 3131 1286 3186 Oui.
1299 3132 1401 3186 caocE

599 3219 711 3274 Valent.
730 3220 778 3285 1‚3
796 3218 899 3273 subscr.
934 3217 1103 3273 sanctissimi
1122 3217 1225 3273 ordinis
1244 3236 1271 3287 p.
1291 3235 1313 3273 c.
1332 3218 1416 3273 etad
1434 3218 1519 3287 latus]
1541 3217 1599 3271 Oai.
1617 3232 1676 3271 cam
1694 3215 1854 3271 EPurt'sin.
1865 3225 1941 3271 4414.

993 3313 1071 3371 4415,
1097 3304 1283 3359 sanctissimis
1307 3304 1450 3360 ordinibus
1477 3304 1647 3375 spectabiles
1674 3308 1704 3359 et
1730 3304 1841 3359 adlatos
1865 3304 1941 3374 (sede

993 3391 1082 3447 elatos
1100 3391 1171 3446 Pto.
1186 3390 1239 3458 [ad
1251 3391 1360 3462 ΜΓ)
1378 3391 1448 3446 Pitb.
1462 3391 1512 3457 (od
1524 3390 1608 3458 sict.)
1621 3406 1653 3445 cc
1665 3390 1688 3444 S

624 3505 657 3516 -
745 3507 778 3517 -
933 3477 1061 3601 renim
1079 3476 1233 3600 {genam
1256 3517 1311 3533 ...
1331 3518 1337 3532 .
1361 3477 1432 3547 prid.
1450 3477 1488 3531 id.
1507 3477 1599 3548 murt]
1621 3476 1678 3532 cui.
1697 3492 1757 3531 cam
1775 3475 1804 3529 E
1820 3475 1940 3530 Pariein.

623 3660 657 3671 -
712 3634 742 3688 18
761 3631 813 3687 int.
937 3632 1007 3688 haec
1026 3632 1071 3686 lex
1089 3631 1324 3702 interpretatione
1346 3649 1401 3686 uon
1419 3632 1539 3703 indiget]
1558 3633 1615 3687 ista
1633 3631 1868 3702 interpretatione
1886 3649 1941 3685 uon

996 3722 1061 3789 eget
1075 3718 1120 3786 (it
1132 3717 1176 3785 Ε)
1192 3718 1250 3772 Oai.
1262 3734 1323 3771 cam
1335 3718 1365 3771 Ε

624 3831 658 3842 -
711 3804 753 3870 32,
762 3804 796 3860 60
935 3806 1030 3874 potest
1042 3802 1168 3875 urbibus]
1184 3803 1242 3860 Oui.
1252 3808 1313 3858 test.
1323 3819 1355 3858 ex
1364 3803 1443 3872 Sica,
1461 3806 1526 3874 post
1539 3804 1655 3860 urbibus
1668 3804 1726 3860 Oui.
1736 3820 1818 3874 marp.
1827 3803 1941 3872 (atiud)

995 3897 1056 3936 cum
1067 3882 1118 3936 ΕΒ

576 3967 710 4024 Marciau.
732 3967 799 4033 1,42
937 3967 979 4024 ita
997 3972 1030 4024 ut
1048 3968 1114 4024 hinc
1131 3970 1244 4040 saepius
1263 3968 1397 4039 eveniret]
1411 3968 1470 4023 Oai.
1481 3984 1540 4024 acui
1552 3969 1583 4024 E

566 4053 713 4111 Maioriani.
729 4056 754 4119 7,
763 4055 798 4108 62
936 4073 986 4125 pro
1006 4057 1090 4125 culpa
1109 4096 1135 4111 ..
1150 4057 1167 4126 .]
1186 4074 1237 4126 pro
1256 4056 1348 4113 civilis
1361 4058 1411 4124 (es
1423 4056 1474 4124 Et)
1488 4056 1547 4112 Orci.
1559 4072 1620 4110 urm
1631 4056 1673 4111 Ec

647 4140 709 4196 Sea.
729 4140 781 4205 1,2
931 4146 993 4209 post
1017 4141 1053 4196 ad
1072 4142 1164 4197 locum
1182 4142 1245 4198 add.
1264 4143 1292 4197 id
1311 4146 1354 4198 est
1372 4143 1406 4197 de
1424 4142 1685 4198 sanctimonialibus
1704 4140 1795 4196 viduis
1814 4140 1847 4194 de
1865 4139 1942 4193 bere·

998 4227 1099 4284 ditatis
1112 4229 1197 4285 tertia
1209 4230 1255 4284 vel
1268 4229 1302 4284 de
1317 4228 1417 4284 ceteris
1435 4228 1556 4300 negotiis
1570 4228 1630 4284 Oui.
1642 4244 1703 4283 cam
1712 4228 1742 4282 Ε
1748 4226 1869 4281 Parsia.
1879 4230 1943 4279 4413

521 4314 551 4381 d)
600 4312 714 4369 Valent.
734 4313 783 4379 1,3
797 4313 901 4369 subscr.
937 4314 1041 4371 valent.
1054 4332 1079 4370 a.
1094 4315 1143 4385 vii]
1162 4316 1266 4370 valent.
1281 4334 1306 4371 a.
1321 4316 1348 4369 vi
1369 4315 1428 4371 Orci.
1441 4315 1514 4369 solas

627 4428 659 4439 -
711 4399 746 4453 27
764 4399 867 4454 subscr.
935 4405 996 4468 'p'pa
1014 4400 1043 4454 in
1055 4401 1115 4455 foro
1127 4400 1233 4457 traiani
1250 4400 1302 4455 xiii
1315 4401 1371 4455 kal.
1385 4418 1449 4471 aug.
1461 4401 1513 4455 sub
1526 4399 1619 4455 edicto
1638 4399 1738 4454 firmini
1752 4398 1805 4453 viri
1817 4397 1943 4453 inlustris

994 4487 1063 4557 p-po]
1079 4486 1148 4553 Oai„
1168 4505 1226 4557 ppa
1244 4485 1274 4541 in
1293 4488 1351 4542 soro
1370 4487 1475 4541 traiani
1493 4487 1550 4543 kal.
1563 4504 1607 4558 ag.
1625 4487 1675 4542 sub
1694 4486 1723 4540 id
1741 4489 1770 4541 et
1787 4483 1888 4539 firmini
1901 4484 1943 4537 vir

993 4572 1041 4628 inl.
1060 4577 1119 4644 W
1138 4577 1221 4644 (prpe
1239 4576 1318 4643 4414)
1336 4574 1457 4629 Panno.
1470 4583 1544 4629 4414.
1556 4581 1639 4641 4415,
1656 4577 1762 4645 ριᾟᾷο
1774 4568 1813 4638 Ε,
1836 4569 1943 4624 firmine

994 4666 1053 4730 We
1072 4677 1140 4715 coss.
1154 4660 1181 4714 L

625 4772 658 4783 -
711 4742 743 4799 31
763 4743 867 4799 subscr.
934 4762 992 4800 acc.
1006 4746 1038 4800 iii
1057 4763 1119 4801 non.
1133 4747 1187 4802 feb.
1200 4764 1268 4801 rom.
1281 4765 1329 4817 pp.
1347 4746 1377 4800 in
1396 4748 1455 4801 foro
1473 4745 1587 4815 traiani]
1602 4745 1660 4801 Oai.
1673 4746 1746 4801 solue

624 4856 659 4868 -
711 4830 753 4895 35,
762 4830 796 4885 28
808 4830 885 4898 (vide
897 4850 924 4901 p.
932 4835 1053 4901 LXVIII)
1080 4833 1162 4903 sevir]
1171 4832 1299 4888 severilie
1312 4832 1432 4900 (servilis
1443 4832 1578 4901 euicta)
1587 4831 1856 4904 Oai.mcr9.(‘atics’)
1864 4830 1942 4884 solie.

583 4931 746 4987 laterculus
764 4936 791 5000 a]
811 4934 945 4990 lectiones
963 4953 1010 4991 eas
1030 4938 1169 5001 continet,
1192 4956 1265 5007 quae
1290 4938 1400 4994 alienae
1420 4956 1437 4993 a
1455 4937 1527 4992 libro
1540 4935 1570 4990 Ε
1585 4936 1650 4991 aliis
1672 4935 1795 4993 melioris
1817 4932 1943 4989 familiae

495 5019 638 5075 codicibus
651 5017 823 5087 (ΗΝΚΕΦ)
836 5021 1041 5079 confirmantur.
1076 5024 1218 5079 Laterculi
1236 5025 1265 5093 b]
1284 5024 1340 5079 loci
1359 5043 1421 5079 cum
1440 5024 1468 5078 in
1482 5022 1625 5078 codicibus
1643 5024 1724 5078 modo
1743 5020 1865 5078 laudatis
1883 5024 1943 5074 tum

495 5107 525 5162 in
539 5105 611 5161 libro
623 5104 653 5159 Ε
668 5103 855 5161 inveniuntur.
887 5106 963 5169 Quae
975 5109 1112 5164 laterculo
1126 5113 1150 5179 c)
1163 5109 1332 5165 exhibentur
1345 5110 1479 5165 lectiones
1498 5126 1592 5164 omnes
1607 5109 1637 5163 iu
1650 5110 1680 5163 Ε
1695 5109 1819 5172 redeunt,
1838 5106 1943 5176 passim

495 5190 697 5248 accedentibus
722 5189 847 5246 eiusdem
869 5192 966 5247 classis
988 5195 1143 5252 decurtatis
1161 5197 1299 5250 Parieinie
1316 5204 1390 5251 4414.
1408 5204 1479 5251 4415.
1516 5194 1662 5251 Laterculo
1688 5192 1809 5263 denique
1833 5195 1861 5262 d)
1880 5211 1942 5262 pro·

495 5278 592 5352 posita
610 5276 782 5334 Cuiacianae
800 5277 852 5332 soli
872 5279 987 5350 propria
1004 5285 1069 5337 sunt
1087 5282 1209 5350 (Valent.
1222 5284 1256 5338 27
1274 5283 1378 5339 subscr.
1397 5300 1485 5353 prope
1504 5281 1615 5338 accedit
1633 5281 1669 5336 ad
1688 5281 1847 5336 decurtatos
1864 5278 1943 5335 Pari-

494 5367 570 5423 n'noe
587 5371 664 5420 4414.
681 5367 767 5431 4414).
