4959 6134
1062 592 1096 606 —-
1131 557 1225 619 xxm
1261 592 1294 605 -

626 716 653 786 r)
673 717 950 777 va111.va1111
970 745 1003 769 .-.
1028 721 1130 776 rana.
1150 722 1277 777 11-22.

624 810 654 874 η)
795 807 817 861 u
971 832 1003 855 =
1023 807 1176 863 Mamas.
1193 809 1218 863 e.

556 894 609 958 so)
743 892 845 948 1-x11
969 918 1001 940 =
1020 895 1098 949 nra.
1115 894 1897 1036 cimianuffieew’21-23-25-1’3‘27

538 1082 609 1139 Sunt
626 1084 716 1156 igitur
735 1086 758 1151 ⁸)
777 1086 806 1139 et
822 1085 848 1151 b)
861 1103 886 1137 α.
896 1101 946 1151 γ.ε
964 1083 1183 1149 Theodosianae,
1201 1084 1227 1152 b)
1239 1090 1263 1151 β.
1277 1081 1328 1144 dc
1346 1084 1376 1136 et
1395 1087 1418 1151 ο)
1430 1083 1656 1140 Valentinianae.
1692 1085 1764 1141 Hinc
1777 1089 1898 1157 apparet

453 1169 642 1225 ordinatorem
659 1169 688 1224 in
701 1168 820 1225 novellis
839 1168 974 1225 Breviarii
989 1168 1199 1225 Theodosiunus
1217 1171 1246 1223 et
1259 1166 1473 1224 Valentinianos
1485 1174 1561 1226 recte
1571 1172 1754 1242 separavisse,
1773 1173 1896 1242 reliquae

452 1260 533 1311 extra
552 1254 724 1312 Breviurinm
743 1254 851 1326 positas
869 1272 932 1310 cum
950 1254 1106 1310 Maioriane
1124 1272 1197 1311 nona
1216 1270 1311 1309 omnes
1329 1253 1460 1311 tribuisse
1480 1255 1644 1314 Theodosio.

541 1341 647 1405 Quibus
673 1341 823 1411 explicatis
854 1341 1013 1396 Οτωιιίειιείι
1040 1342 1103 1395 libri
1128 1342 1151 1396 Ο
1176 1340 1326 1410 dispositio
1353 1341 1423 1409 quid
1449 1341 1503 1395 sibi
1526 1342 1597 1399 velit
1621 1345 1696 1401 clare
1719 1345 1896 1416 perspicitur.

451 1426 614 1482 willelmus
632 1427 706 1483 enim
723 1427 990 1493 Malmesbnriensis,
1018 1427 1066 1496 qni
1092 1427 1194 1482 librum
1220 1426 1400 1496 conscripsit,
1419 1445 1482 1482 cnm
1500 1427 1529 1483 id
1547 1433 1628 1501 agat,
1652 1437 1685 1488 ut
1703 1450 1767 1488 snus
1785 1432 1897 1501 utrique

450 1511 615 1582 imperatori
637 1513 853 1570 constitutiones
877 1514 906 1569 in
932 1514 1042 1585 sylloge
1067 1512 1231 1570 commixtus
1257 1512 1413 1579 attribuat,
1439 1512 1523 1570 series
1541 1514 1606 1570 illas
1624 1534 1708 1587 supra
1726 1517 1898 1589 significatas

451 1599 495 1653 ita
512 1598 636 1655 ordinat:

539 1722 617 1777 Broc.
638 1721 751 1778 Theod:
777 1722 848 1779 dnus
871 1719 1010 1792 epistulae
1030 1723 1059 1777 et
1076 1719 1206 1775 I-VIIII
1225 1744 1258 1767 =
1277 1722 1343 1791 21⁸).

541 1808 631 1863 Metro
649 1809 725 1864 Brea.
746 1809 844 1865 ΤΙκοά.

692 1895 819 1951 X-XVI
1225 1918 1258 1941 =
1277 1895 1334 1962 Ab)
1351 1913 1377 1949 α.

693 1982 773 2037 XVII
1225 2004 1258 2026 =
1283 1981 1414 2036 Valeria
1431 1980 1534 2037 iniuria
1552 1982 1625 2037 inter
1644 1982 1852 2040 Theudosianas

1331 2066 1430 2122 reluta.

694 2153 919 2208 XVIII-XXIII
1224 2175 1257 2199 =
1275 2152 1332 2222 Ab)
1344 2172 1372 2222 γ.

695 2240 811 2297 XXIIII.
830 2240 908 2295 XXV
1225 2262 1258 2285 =
1277 2239 1333 2309 Ab)
1346 2257 1367 2294 s.

540 2327 630 2381 Fectio
648 2327 725 2382 Breo.
743 2326 845 2382 Volent.

695 2412 708 2466 I
1226 2433 1259 2456 =
1283 2409 1384 2468 Volent.
1399 2418 1434 2467 26
1449 2412 1494 2467 ‘de
1507 2412 1717 2470 confirmatione
1729 2415 1823 2485 legum
1837 2413 1896 2469 divi

1331 2497 1434 2554 Theoi,
1462 2499 1542 2570 Aug?
1568 2502 1635 2558 ante
1665 2504 1773 2557 ceteras
1798 2501 1897 2557 Valen-

1333 2584 1457 2639 tinianus
1475 2585 1615 2642 collocuta
1633 2586 1708 2655 (vide
1720 2587 1817 2657 Δηδ).

693 2669 837 2725 II-VIIII
1226 2693 1259 2716 =
1277 2671 1333 2739 Ab)
1346 2676 1363 2738 β
1379 2670 1501 2738 (Valent.
1511 2672 1528 2725 9
1540 2700 1574 2711 —
1588 2674 1621 2729 12
1633 2702 1666 2713 -
1681 2674 1756 2728 17-
1772 2675 1849 2729 16-
1862 2674 1897 2729 20

694 2843 849 2899 X-XVIII
867 2847 991 2914 (numero
1008 2847 1069 2897 xvl
1088 2842 1200 2911 iterato)
1223 2866 1256 2889 =
1273 2844 1332 2911 Ab)
1345 2842 1365 2895 d
1379 2842 1502 2912 (Valent.
1515 2846 1539 2909 2,
1550 2846 1567 2899 2
1580 2876 1611 2885 -
1624 2846 1659 2900 30
1672 2845 1776 2915 [deficit
1787 2846 1818 2902 in
1835 2847 1896 2917 lat]

1331 2929 1897 3002 -28-29-3-34-4-5-6-7).

694 3016 809 3072 XVIIII.
827 3017 880 3072 XX
1159 3010 1162 3013 ⁴
1225 3040 1258 3062 =
1276 3017 1364 3085 Alii.

540 3103 619 3158 Bra).
637 3102 740 3158 Volent.
1130 3153 1137 3166 ,

695 3188 902 3244 XXI-XXXII
1226 3210 1259 3233 =
1276 3187 1340 3258 Aa).

694 3274 813 3331 XXXIII
1227 3297 1260 3319 =
1283 3273 1430 3329 vaauen
1455 3274 1492 3329 ud
1517 3274 1599 3331 finem
1627 3274 1780 3342 collocata,
1810 3281 1842 3332 nt
1868 3280 1897 3334 in

1197 3434 1282 3443 ‘-
1332 3360 1424 3431 prima
1441 3361 1558 3431 sylloge.

1075 3434 1193 3443 ——-

541 3568 618 3633 Quae
637 3587 700 3625 cum
717 3568 760 3624 itu
777 3568 841 3636 sint,
858 3568 999 3624 Theodosii
1011 3568 1052 3623 11.
1064 3569 1201 3637 novellae,
1220 3587 1293 3638 quae
1310 3572 1408 3625 emunt
1425 3569 1454 3624 in
1467 3569 1589 3640 corporis
1602 3569 1751 3627 Maioriani
1764 3572 1860 3628 codice
1872 3579 1899 3637 r,

453 3658 575 3726 exceptu
591 3672 653 3711 nov.
670 3655 736 3721 17,2
753 3672 849 3712 omnes
867 3656 1000 3726 leguntur
1017 3655 1044 3710 in
1064 3657 1151 3712 tertia
1168 3657 1277 3727 sylloge
1295 3660 1406 3713 servato
1424 3655 1534 3721 ordine,
1551 3656 1608 3711 nisi
1626 3657 1702 3726 quod
1718 3663 1850 3730 receptae
1868 3657 1898 3713 in

452 3740 629 3797 Bresiurinm
647 3759 665 3796 a
681 3740 797 3810 reliquis
815 3746 981 3814 separantur
998 3747 1028 3798 et
1045 3744 1175 3799 novellae
1191 3744 1311 3809 4-17‚1
1332 3745 1361 3798 in
1379 3744 1433 3797 fine
1452 3743 1633 3799 collocantur.

550 3827 735 3883 Valentiniani
752 3828 810 3883 ΠΙ.
827 3830 956 3885 novellae
973 3829 1003 3883 in
1020 3828 1107 3885 tertia
1124 3830 1233 3900 sylloge
1251 3833 1352 3886 auctae
1370 3829 1547 3899 reperiuntur
1559 3830 1807 3886 constitutionibus
1818 3834 1898 3900 quat

454 3918 519 3972 tuor
539 3914 568 3968 in
591 3919 687 3970 nostru
709 3913 832 3971 editione
856 3916 1009 3971 numeratis
1024 3915 1078 3977 22
1094 3945 1126 3955 -
1143 3916 1194 3979 6,3
1212 3946 1243 3956 -
1264 3917 1295 3971 16
1313 3916 1403 3984 (cuius
1426 3917 1569 3986 epitomen
1595 3935 1629 3972 ex
1646 3918 1773 3988 syllogus
1792 3918 1898 3988 primus

454 4001 551 4057 codice
569 4000 666 4071 aliquo
678 4002 873 4072 depromptum
885 4003 1003 4072 praebet
1015 4002 1166 4073 Phillipps.
1178 4003 1256 4070 1735)
1266 4034 1299 4043 —
1310 4003 1354 4057 34:
1373 4003 1546 4059 descendunt
1557 4002 1616 4058 sine
1628 4003 1714 4059 dubio
1726 4021 1760 4057 ex
1772 4004 1898 4074 syllogus

455 4088 562 4159 primae
580 4088 678 4145 codice
699 4088 824 4160 pleniore
841 4105 925 4158 quarn
940 4096 965 4144 Γ.
1002 4088 1106 4144 Contra
1128 4090 1232 4145 absunt
1254 4108 1272 4144 a
1294 4089 1403 4160 sylloge
1425 4090 1511 4146 tertiu
1533 4107 1596 4145 nov.
1615 4090 1679 4154 1,1,
1702 4107 1786 4158 quam
1808 4094 1898 4147 totam

453 4176 579 4231 sonavit
596 4180 627 4241 Γ,
646 4178 677 4231 et
695 4176 718 4239 l,
731 4176 760 4240 2,
784 4174 862 4230 cuins
886 4174 977 4244 prima
995 4192 1061 4245 pars
1078 4174 1108 4230 in
1127 4176 1223 4231 eodem
1241 4176 1337 4231 codice
1356 4180 1447 4241 extat,
1473 4193 1554 4246 porro
1570 4177 1595 4241 2,
1608 4175 1638 4240 3,
1661 4193 1746 4244 quam
1764 4176 1899 4232 exhibent

456 4261 616 4327 musana
634 4264 665 4317 et
675 4261 734 4329 24.
753 4260 832 4316 cuins
849 4264 959 4331 partem
977 4260 1098 4332 primum
1115 4262 1239 4318 servavit
1251 4260 1390 4328 ceincias,
1409 4264 1561 4318 extremam
1574 4267 1604 4323 1';
1622 4278 1685 4317 nov.
1699 4262 1732 4315 15
1747 4279 1803 4316 non
1814 4263 1898 4319 habe·

454 4350 502 4401 tur
524 4345 579 4401 nisi
596 4347 625 4402 in
643 4346 811 4403 Guiucianis.
848 4347 999 4403 Nouellum
1018 4348 1070 4413 1,ss
1092 4348 1215 4404 servavit
1234 4348 1417 4405 Breviarinm.
1452 4348 1591 4404 Deficiunt
1616 4349 1646 4403 in
1668 4348 1749 4404 libris
1770 4350 1899 4406 omnibus

456 4451 518 4489 nov.
531 4434 584 4501 1,2
602 4452 668 4505 pars
684 4439 811 4491 extrema
829 4438 858 4489 et
874 4435 924 4499 2,1
943 4437 1013 4489 tota

542 4520 584 4575 Ex
603 4521 758 4575 Maioriani
774 4520 894 4577 novellis
911 4538 985 4576 nona
1002 4521 1031 4575 in
1050 4520 1152 4577 tertius
1170 4521 1298 4591 syllegae
1316 4520 1460 4577 codicibus
1472 4519 1613 4587 Fuldensi,
1625 4521 1782 4577 Pithoeauo
1801 4522 1898 4593 deper-

455 4606 517 4661 dito
535 4624 598 4661 cnm
610 4611 639 4672 A,
662 4606 769 4663 Osolis
786 4606 938 4679 reperitur,
965 4607 1014 4664 sed
1038 4607 1113 4662 inter
1134 4607 1344 4663 Theudosianas
1365 4608 1456 4663 relatu
1479 4623 1623 4663 numerum
1639 4607 1682 4660 ‘L'
1697 4607 1760 4663 fert.
1795 4608 1898 4664 Verisi-

455 4692 523 4747 mile
540 4691 630 4765 igitnr
647 4696 691 4749 est
707 4692 737 4747 in
755 4693 881 4765 syllogus
899 4692 982 4749 huius
999 4694 1154 4764 archetypo
1174 4693 1379 4764 praescriptum
1397 4692 1482 4749 fuisse
1501 4693 1630 4749 novellae
1641 4693 1680 4747 ‘L
1698 4692 1734 4749 de
1751 4692 1897 4749 adulteriis

456 4777 516 4833 divi
528 4777 693 4835 Maioriani‘.
721 4779 811 4842 Quam
828 4779 968 4836 rubricam
981 4798 1043 4835 cum
1057 4780 1201 4835 Fuldensis
1215 4780 1262 4835 vix
1277 4783 1368 4835 mutet
1380 4780 1418 4847 (¹1.
1431 4778 1565 4835 aduteriis
1578 4778 1638 4850 [sic]
1653 4778 1711 4834 divi
1722 4778 1897 4849 maioriani’),

456 4865 485 4920 in
505 4864 671 4928 Pithoeano,
690 4864 789 4922 littera
805 4866 844 4919 ‘l’
862 4868 904 4937 [=
923 4866 966 4935 50]
985 4883 1132 4937 perperam
1151 4866 1311 4931 intellecta,
1336 4865 1468 4921 scribitur
1484 4866 1528 4922 Ἥ.
1550 4866 1594 4934 [=
1612 4865 1699 4935 leges]
1717 4866 1845 4921 novellae
1863 4867 1899 4922 de

456 4950 602 5008 adulteriis
620 4950 680 5007 divi
701 4952 923 5020 maorani'(sic).
958 4953 1038 5009 Unde
1057 4952 1159 5008 iniuria
1182 4953 1276 5024 plures
1298 4952 1383 5008 fuisse
1400 4951 1548 5008 Maioriani
1564 4951 1608 5007 ‘de
1632 4951 1787 5008 adulteriiu’
1803 4953 1897 5008 novel·

456 5039 500 5094 lus
521 5040 551 5094 P.
564 5039 699 5096 Pithoeus
719 5040 794 5095 filius
815 5041 857 5108 (in
876 5040 1032 5097 Pithoeana
1056 5058 1080 5096 a,
1095 5042 1161 5096 1571
1187 5040 1310 5097 editione
1328 5041 1372 5110 [=
1387 5039 1462 5094 Pitb.
1480 5038 1533 5109 ed.]
1557 5038 1593 5094 ad
1611 5057 1638 5109 p.
1647 5039 1694 5108 13)
1716 5039 1846 5110 collegit,
1869 5040 1899 5094 id

456 5125 598 5194 quodiam
611 5126 764 5182 Huenelins
777 5126 847 5196 (uon.
862 5128 1064 5181 unanimiores
1081 5146 1108 5197 p.
1119 5127 1225 5196 327128)
1242 5125 1387 5181 refutavit.
1405 5156 1438 5165 -
1457 5125 1509 5181 Sex
1521 5130 1616 5181 autem
1633 5125 1737 5195 primas
1748 5125 1899 5179 Maioriani

456 5212 582 5268 novellas
599 5229 657 5270 non
673 5213 763 5268 solnm
782 5212 811 5267 in
829 5212 929 5267 mutilo
948 5213 1052 5268 codicis
1065 5220 1087 5265 Γ
1102 5213 1257 5284 archetypo
1275 5211 1414 5277 extitisse,
1432 5229 1528 5267 verum
1547 5212 1634 5267 etium
1652 5210 1681 5265 in
1700 5212 1771 5267 libro
1789 5214 1819 5266 et
1837 5211 1898 5282 ipso

457 5296 603 5364 mutilato,
628 5313 645 5351 a
667 5316 723 5368 qno
741 5317 836 5355 omnes
857 5299 984 5371 syllogus
1002 5300 1104 5355 tertius
1126 5301 1235 5357 codices
1254 5302 1388 5372 pendent,
1413 5304 1443 5355 et
1465 5298 1531 5355 libri
1550 5304 1592 5354 ΣΞ
1613 5299 1714 5354 docent
1738 5303 1767 5355 et
1789 5299 1898 5354 codices
1997 5351 2002 5358 .

457 5385 597 5441 decurtati
616 5385 795 5440 Borodmuis
813 5386 857 5440 lut.
871 5392 960 5453 maort.
974 5394 1020 5441 150
1037 5386 1127 5454 (nobis
1141 5391 1185 5456 Θ),
1201 5388 1386 5442 Vureouicnsis
1403 5404 1431 5442 n.
1444 5393 1498 5441 480
1510 5383 1600 5452 (nobis
1614 5386 1658 5451 Ψ),
1676 5384 1822 5440 Ραιιὲιίηιιε
1837 5392 1900 5444 9662
