4959 6134
1115 539 1368 600 ..mvr-

277 695 507 748 IIBABDINVS
612 693 698 749 Primi
716 696 842 752 novellas
859 695 889 751 in
901 695 974 753 libro
987 699 1014 752 Γ
1026 698 1086 755 1616
1098 701 1226 755 extantes
1238 699 1356 769 (Theod.
1370 700 1562 767 10,2-15,2
1575 730 1606 741 -
1622 702 1689 767 lua
1702 732 1733 743 -·
1746 701 1857 758 Valent.
1869 704 1892 769 l,
1904 703 1917 758 1
1928 734 1962 743 —

349 771 414 818 17⁶⁶
522 782 572 848 1,2
585 814 617 824 -
630 783 682 846 21
699 786 779 851 extr.)
797 782 906 853 publici
924 784 992 839 iuris
1010 786 1136 841 fecenmt
1156 790 1244 855 atque
1266 787 1361 858 legum
1378 789 1563 854 novellarum,
1587 806 1660 858 quae
1683 789 1792 860 corpori
1811 789 1963 845 Maioriani

277 850 505 904 fflDVTWS'
521 870 629 936 insunt,
663 872 787 927 ordinem
813 873 842 927 in
860 874 887 927 Γ
915 874 1088 944 propositum
1120 876 1305 932 restituerunt
1331 866 1527 932 Zirardt'nus
1552 878 1588 947 (a
1606 879 1684 947 1766)
1710 884 1740 935 et
1765 868 1965 933 Amadasse

348 926 411 974 ¹⁷⁶⁷
520 959 557 1026 (a.
571 959 655 1027 1767).
691 959 836 1014 Editiones
854 977 960 1026 eorum,
979 960 1013 1015 de
1031 961 1133 1030 quibus
1150 962 1179 1015 in
1197 962 1293 1033 capite
1310 964 1400 1019 altero
1418 982 1445 1034 p.
1458 968 1532 1018 XXV
1542 983 1601 1034 sqq.
1619 965 1666 1034 egi
1684 965 1730 1030 (ct.
1748 964 1834 1019 etiam
1847 965 1963 1029 Haenel,

520 1049 685 1100 soacensi.
704 1064 731 1115 p.
745 1050 831 1099 XXIV
840 1049 925 1115 sqq),
952 1064 1041 1116 neque
1068 1047 1098 1102 in
1120 1049 1309 1105 describendis
1332 1050 1451 1107 novellis
1473 1068 1561 1121 neque
1584 1050 1613 1105 in
1637 1050 1843 1107 commentariis
1868 1050 1964 1106 verbo·

520 1130 637 1187 cissimis
655 1148 726 1198 eam,
744 1149 800 1201 qua
819 1149 889 1202 opus
907 1137 975 1198 erat,
994 1133 1172 1205 diligentiam
1190 1137 1382 1206 praestabant.

326 1229 496 1283 BEOKWS
605 1228 748 1293 Bechires
769 1236 798 1290 in
815 1236 896 1292 ‘luris
914 1236 1013 1292 Civilis
1025 1238 1272 1296 Anteiustinianei'
1288 1243 1365 1295 tomo
1383 1240 1535 1310 posteriore
1548 1239 1672 1296 Beroliui
1690 1257 1715 1295 a.
1730 1240 1797 1295 1815
1814 1239 1964 1311 divulgato

382 1305 444 1353 ²⁸¹⁶
522 1326 559 1393 (p.
574 1323 724 1391 1217111111
743 1323 906 1388 66Η161161,
924 1342 987 1379 nov.
1000 1330 1086 1381 const
1099 1344 1127 1396 p.
1140 1329 1236 1392 XXVI)
1256 1325 1363 1396 primus
1380 1330 1411 1381 et
1426 1327 1561 1381 ‘novellas
1579 1326 1794 1382 constitutiones
1807 1325 1964 1381 Iustiniana

520 1410 683 1465 anteriores‘
699 1427 732 1465 ex
751 1409 867 1465 (11161111
890 1410 1060 1467 editionibus
1082 1412 1246 1467 coniunctas
1265 1430 1360 1468 omnes
1379 1413 1409 1467 in
1432 1431 1517 1468 unum
1535 1431 1635 1484 corpus
1652 1412 1770 1484 collegit
1792 1416 1822 1470 et
1843 1411 1964 1466 indicem

521 1501 633 1553 secutus
651 1496 688 1551 ab
705 1497 857 1552 Amadntio
879 1514 913 1552 ex
931 1497 1003 1553 libro
1021 1499 1048 1551 Γ
1066 1499 1241 1569 propositum
1260 1499 1469 1558 Theudosianas
1488 1500 1757 1569 Valentinianasqus
1778 1502 1854 1555 recte
1872 1498 1965 1553 distri·

521 1582 591 1636 buit.
628 1583 681 1637 Sed
698 1583 802 1648 ordine,
821 1601 904 1651 quem
921 1584 948 1636 Γ
961 1584 1096 1651 servavit,
1118 1603 1173 1639 nou
1191 1586 1277 1641 semel
1296 1586 1444 1641 immutato
1463 1586 1557 1657 plures
1575 1586 1704 1642 novellas
1723 1603 1772 1640 suo
1790 1585 1852 1641 looo
1871 1589 1964 1640 motae

521 1672 598 1724 sunt:
620 1671 719 1725 itaer
741 1667 956 1735 Theodosianis,
984 1674 1016 1726 ut
1038 1661 1168 1725 omittam
1191 1688 1254 1726 nov.
1273 1669 1403 1726 Theodl
1427 1671 1620 1727 Theodosiano
1642 1670 1806 1742 praefixam,
1830 1670 1965 1726 Theona

521 1758 564 1823 (=
577 1756 629 1810 Th.
637 1758 683 1825 VI)
701 1787 734 1796 -
753 1758 769 1810 7
787 1758 831 1824 (--
845 1757 897 1811 Th.
912 1761 959 1825 IX)
977 1787 1011 1798 -
1028 1758 1062 1811 25
1076 1758 1119 1824 (=
1133 1757 1184 1813 Th.
1198 1761 1243 1826 V);
1262 1758 1335 1812 inter
1347 1759 1557 1813 Theudosianas
1572 1758 1624 1813 snb
1643 1773 1757 1812 numero
1770 1761 1856 1811 XXVI
1873 1757 1966 1812 relata

521 1846 565 1897 est
588 1859 650 1897 nov.
667 1842 779 1898 Valent.
794 1843 834 1897 15.
876 1842 917 1898 Er
936 1842 1143 1899 Valentinianis
1170 1843 1360 1914 transpositae
1384 1847 1449 1899 sunt
1470 1844 1581 1899 Valent.
1594 1844 1646 1909 2,2
1663 1845 1708 1911 (=
1721 1842 1783 1898 Val.
1796 1845 1845 1912 XI)
1863 1870 1895 1882 -
1914 1843 1966 1909 2,3

521 1931 565 1998 (=
585 1928 648 1985 Val.
664 1929 738 1997 11111)
761 1958 794 1968 -
817 1929 872 1994 al
890 1933 935 1998 (=
952 1930 1016 1986 val.
1033 1932 1169 1998 xxxvn)
1194 1960 1228 1970 -
1254 1930 1286 1985 13
1305 1933 1348 1998 (ε
1366 1930 1430 1986 Vel.
1446 1934 1520 2000 11111)
1543 1961 1576 1971 -
1602 1932 1635 1986 16
1653 1930 1698 2000 (=
1716 1929 1845 2000 1111111)
1874 1960 1904 1969 -
1931 1929 1967 1983 20

522 2017 566 2084 (=
578 2015 640 2070 Val.
652 2016 732 2085 XVI).
753 2046 790 2057 -
811 2016 855 2069 Ad
878 2020 1039 2072 contextum
1057 2017 1132 2086 quod
1154 2016 1270 2084 attinet,
1294 2017 1525 2073 constitutionum
1548 2017 1634 2073 verba
1656 2015 1842 2087 paragraphis
1864 2014 1965 2070 distin·

522 2107 657 2173 guantur,
676 2102 812 2159 Breviarii
831 2103 1079 2175 interpretationes
1097 2104 1273 2160 omittuntur.
1304 2104 1423 2160 Beckins
1441 2104 1472 2158 in
1490 2104 1649 2160 universum
1660 2102 1794 2158 innititur
1807 2101 1967 2157 Ritteriana

521 2189 644 2244 editione
667 2188 707 2257 (in
726 2194 867 2260 apparatu
889 2189 1002 2260 saepius
1020 2206 1088 2245 voce
1104 2191 1173 2259 osdp.
1190 2190 1341 2256 indicata),
1364 2207 1448 2259 quam
1471 2189 1537 2246 libri
1555 2191 1582 2243 Γ
1595 2192 1638 2256 (=
1655 2188 1719 2256 oa.)
1742 2187 1910 2244 lectionibus
1933 2204 1966 2242 er

522 2274 675 2331 Amadutio
693 2275 867 2346 depromptis
885 2276 1028 2339 emendat,
1053 2275 1171 2345 passim,
1195 2276 1371 2346 potissimum
1393 2277 1594 2348 inapparatu,
1618 2274 1790 2331 adhibentur
1810 2272 1920 2329 codices
1935 2274 1971 2327 M

521 2365 551 2417 et
567 2361 604 2427 G,
629 2361 767 2417 editiones
785 2360 969 2416 Sichardiana
986 2364 1031 2427 (=
1044 2360 1093 2428 S),
1118 2360 1286 2416 Cuiacianae
1305 2362 1387 2427 duae,
1412 2363 1568 2430 Pithoeana
1586 2379 1611 2417 a.
1627 2361 1706 2424 1689,
1729 2359 1965 2426 Rittershnsiana,

523 2447 713 2513 Marvilliana,
730 2446 932 2511 Zirardiniaua,
950 2446 1068 2501 aliorum
1087 2450 1178 2513 notae,
1198 2448 1285 2503 codex
1304 2448 1423 2518 denique
1442 2449 1621 2504 lastinianus.

277 2531 501 2584 HAENELIVS
611 2550 805 2607 Anterioribus
823 2550 994 2607 editionibus
1012 2551 1095 2621 longe
1108 2555 1236 2621 praestat
1248 2551 1422 2607 Haeneliana
1440 2552 1469 2606 in
1487 2569 1602 2623 corpore
1619 2550 1689 2607 iuris
1699 2550 1838 2607 Bonnsmi
1854 2550 1967 2621 prodita

355 2608 420 2655 ¹⁸⁴⁴
524 2637 682 2705 (Mosellae
701 2636 916 2693 constitutiones
934 2638 1134 2708 imperatorum
1148 2638 1298 2693 Theodosii
1316 2639 1359 2703 11,
1378 2637 1572 2693 Valentiniani
1589 2638 1647 2703 111,
1667 2637 1791 2703 Maximi,
1809 2636 1967 2700 Maioriani,

522 2724 631 2792 Severi,
654 2723 800 2778 Anthemii
820 2764 907 2779 .....
925 2725 961 2779 ad
984 2725 1119 2779 librorum
1142 2725 1395 2795 manuscriptorum
1419 2723 1626 2780 stadilianum
1649 2724 1731 2780 fidem
1749 2723 1914 2795 recognovit
1937 2726 1968 2777 et

525 2810 707 2867 annotatione
720 2810 818 2865 critica
830 2801 963 2864 instruxit
975 2809 1115 2865 Gustavns
1128 2810 1234 2865 Haenel
1247 2810 1415 2881 Lipsiensis',
1428 2811 1542 2866 Bonnae
1555 2811 1676 2879 11844).
1703 2810 1807 2881 Magna
1817 2801 1969 2867 Haenelii

523 2899 557 2953 de
576 2896 770 2951 Theodosiana
790 2894 988 2963 Breviarioque
1006 2896 1168 2951 Alariciano
1186 2896 1287 2952 merita
1310 2915 1398 2966 neque
1416 2897 1525 2952 minora
1543 2896 1659 2952 editoris
1678 2896 1749 2952 vitis
1766 2897 1918 2951 Mommsen
1936 2895 1967 2949 in

525 2984 615 3054 primo
639 2983 722 3037 huius
751 2981 843 3051 operis
867 2981 1008 3036 volumine
1035 2984 1073 3052 (p.
1091 2986 1197 3051 CXVII)
1223 2985 1380 3038 luculenter
1407 2983 1544 3053 exposuit.
1589 2983 1665 3038 Idem
1690 2983 1838 3039 dicendum
1862 2986 1905 3038 est
1932 2982 1967 3037 de

524 3070 707 3126 Novellarnm
729 3069 860 3124 editione.
902 3068 975 3122 Nam
998 3071 1031 3123 nt
1054 3069 1166 3123 collatis
1193 3070 1336 3125 codicibus
1362 3069 1491 3124 omnibus
1517 3074 1586 3125 tuno
1612 3069 1746 3140 temporis
1771 3069 1847 3125 notis
1874 3072 1968 3123 textus

525 3156 707 3210 fundamenta
719 3155 776 3210 fere
788 3160 865 3209 certa
877 3154 953 3220 iecit,
971 3155 1073 3223 quibus
1091 3159 1186 3210 nostra
1198 3155 1286 3210 etiam
1298 3156 1386 3212 editio
1398 3156 1510 3211 nititur:
1529 3157 1571 3211 ita
1590 3156 1620 3210 in
1632 3157 1802 3211 conficiendo
1818 3157 1968 3226 apparatu,

526 3242 667 3312 congestis
684 3241 808 3310 undique
826 3240 885 3295 sine
898 3241 1008 3296 delectu
1027 3246 1057 3295 et
1074 3241 1200 3296 codicum
1219 3245 1249 3297 et
1266 3242 1421 3297 editionum
1433 3242 1609 3308 lectionibus,
1627 3260 1685 3298 rem
1703 3241 1818 3297 minime
1836 3243 1968 3295 aecumte

525 3336 554 3385 et
573 3329 724 3398 diligenter
736 3329 824 3398 gessit
839 3328 964 3395 adeoque
977 3327 1066 3381 multo
1084 3328 1217 3383 minorem
1236 3332 1323 3396 atque
1341 3329 1370 3383 in
1382 3329 1577 3384 Theodosiano
1593 3330 1674 3384 fidem
1693 3330 1822 3384 meretur.
1850 3325 1969 3382 Acceffit

525 3416 612 3486 quod,
630 3431 686 3468 non
703 3418 779 3469 recte
799 3413 954 3483 perspectis
972 3413 1079 3483 primae
1097 3416 1127 3468 et
1144 3413 1247 3469 tertiae
1264 3415 1403 3485 syllogus,
1422 3414 1532 3471 scilicet
1549 3415 1672 3485 eorporis
1690 3413 1839 3469 Maioriani
1857 3417 1887 3468 et
1904 3412 1968 3467 Bre-

527 3500 608 3555 viarii
626 3500 711 3567 aucti,
730 3499 837 3569 origine
856 3517 890 3554 ac
903 3499 939 3563 vi,
958 3517 1030 3568 quae
1043 3500 1127 3571 leges,
1145 3500 1193 3568 qni
1206 3501 1316 3556 codices
1329 3501 1366 3555 ad
1377 3505 1524 3570 utramque
1542 3518 1637 3557 aarum
1649 3501 1824 3571 pertinerent
1835 3515 1968 3569 quaerere

525 3587 690 3659 supersedit.
704 3617 737 3626 -
749 3586 793 3640 Ad
806 3584 915 3640 codices
927 3604 952 3640 a.
964 3586 1031 3640 1844
1043 3587 1079 3641 ab
1092 3586 1227 3642 Haenelio
1246 3587 1389 3641 adhibitos
1407 3586 1491 3657 pauci
1510 3586 1630 3642 addendi
1648 3589 1722 3653 sunt,
1740 3603 1841 3656 nempe
1858 3584 1969 3641 codices

526 3673 727 3744 Eporedienses
739 3672 770 3726 Ε
784 3677 814 3728 et
829 3673 866 3738 X,
886 3672 1066 3742 Legionensis
1078 3672 1116 3737 Η,
1135 3672 1285 3726 Vaticanus
1302 3673 1421 3741 denique
1438 3681 1563 3743 rep1060
1580 3676 1618 3743 (p.
1629 3674 1708 3741 LIV),
1726 3690 1809 3743 quern
1827 3672 1858 3726 in
1869 3670 1969 3728 libello

525 3760 713 3831 gratulatorio
735 3757 765 3812 in
789 3758 882 3813 Caroli
906 3760 940 3814 de
962 3758 1086 3829 Savigny
1109 3759 1240 3813 honorem
1259 3777 1285 3814 a.
1299 3760 1366 3814 1850
1388 3760 1546 3830 conscripto
1567 3759 1716 3825 tractavit;
1737 3761 1885 3830 praeterea
1905 3774 1968 3813 eurn

526 3848 671 3902 latuerunt
689 3846 853 3901 schedarum
872 3844 1087 3900 Cuiacianarum
1105 3844 1299 3914 apographum
1317 3845 1503 3901 Pithoeanum
1524 3845 1555 3900 in
1578 3846 1635 3901 eod.
1652 3846 1741 3900 Paria.
1754 3845 1861 3914 Drtprty
1877 3861 1905 3899 11.
1921 3850 1970 3898 702

526 3935 564 4004 (p.
581 3934 679 4001 XXIII)
703 3935 855 4001 repertum,
884 3929 1055 3999 exemplaria
1078 3928 1279 3984 Siohardianae
1302 3930 1391 3985 Paris.
1409 3930 1469 3985 Res.
1488 3930 1578 3987 Feeo
1601 3933 1639 4000 (p.
1655 3936 1739 3985 XLIV
1748 3949 1789 4000 sq.
1811 3934 1895 3985 LXVI
1907 3931 1969 3997 sq.)

528 4020 697 4075 Cuiacianae
723 4017 825 4088 prioris
847 4016 939 4071 Poris.
952 4016 1012 4071 Ira.
1031 4015 1076 4069 F¹
1099 4016 1137 4084 (p.
1154 4020 1253 4069 LXXII
1262 4020 1326 4085 sq),
1354 4016 1527 4073 Pithoeanae
1551 4036 1576 4073 a.
1594 4019 1660 4072 1571
1684 4019 1774 4073 Paris.
1791 4017 1971 4074 1111111111

528 4108 566 4175 (p.
580 4108 683 4175 LXXI).
701 4135 735 4146 —
753 4104 935 4169 Novellarum
953 4106 1060 4157 rectam
1078 4102 1134 4157 fere
1153 4100 1277 4157 ordinem
1294 4102 1402 4158 Haenel
1420 4102 1557 4168 exhibuit,
1576 4102 1824 4159 constitutionibus
1841 4103 1871 4157 in
1888 4120 1968 4157 suurn

527 4194 619 4246 locum
631 4191 778 4259 restitutis,
797 4190 852 4245 nisi
863 4190 938 4259 quod
952 4187 1079 4242 novellae
1092 4187 1204 4242 Valent.
1215 4188 1248 4241 15
1267 4188 1397 4242 ultimum
1415 4189 1489 4244 inter
1501 4188 1708 4244 Theodosienas
1726 4188 1818 4243 locum
1836 4187 1970 4244 attribuit

528 4278 663 4333 Beckium
681 4282 805 4341 secutus;
828 4280 974 4347 praeterea
992 4273 1022 4327 in
1040 4273 1201 4328 ordinandis
1218 4274 1337 4328 novellis
1355 4274 1549 4329 Valentiniani
1566 4275 1631 4330 inde
1653 4293 1670 4330 a
1689 4276 1722 4330 13
1740 4292 1828 4343 usque
1846 4272 1882 4327 ad
1899 4274 1932 4328 21
1952 4290 1970 4328 a

529 4366 624 4420 codice
633 4365 660 4417 Γ
667 4364 796 4418 discessit
808 4367 847 4433 (p.
856 4364 935 4430 XVI),
948 4360 1050 4414 iniuria
1062 4359 1181 4426 denique
1194 4359 1381 4429 fragmentum
1393 4359 1545 4414 miserrime
1558 4363 1725 4423 truncatum,
1738 4360 1813 4429 quod
1823 4359 1970 4415 Fuldensis

528 4456 622 4508 servat
641 4452 678 4520 (p.
691 4454 798 4517 XXIV),
815 4448 867 4510 sub
885 4445 953 4501 ‘divi
972 4445 1098 4500 Marimi'
1115 4445 1243 4499 novellae
1262 4444 1371 4499 nomine
1390 4445 1506 4501 editioni
1524 4445 1821 4515 [126512661111611111
