4959 6134
1006 1514 1154 1583 OAPV'P
1183 1516 1416 1584 ALTERVM.

488 1694 718 1779 coaluus
749 1694 1009 1779 CORPORIS
1047 1695 1331 1779 Marcellus
1368 1695 1586 1801 (estune
1623 1690 1931 1801 stancona).

575 1909 708 1981 syllegae
719 1908 871 1980 primariae
882 1909 1055 1981 exemplaria
1067 1914 1165 1966 extant
1177 1910 1232 1965 duo
1248 1914 1278 1966 et
1295 1928 1325 1967 rc
1343 1916 1373 1967 et
1391 1912 1479 1967 forma
1490 1912 1576 1983 plane
1588 1910 1705 1975 diversa,
1724 1908 1835 1964 scilicet
1849 1909 1934 1964 codex

490 1998 548 2052 sere
565 1996 675 2068 integer
687 1995 843 2051 Vaticanus
855 1995 905 2052 lat.
915 1996 983 2051 7277
995 1998 1038 2065 (Γ)
1056 2001 1086 2052 et
1103 1996 1269 2052 schedarum
1281 1997 1399 2053 duarum
1417 1997 1562 2053 aCuiacio
1581 1996 1758 2052 inventarum
1775 1998 1861 2066 atque
1878 1995 1934 2051 edi·

490 2085 591 2148 tarum
610 2098 683 2151 quae
701 2083 860 2153 fragmenta
876 2080 985 2137 minora
1003 2081 1194 2148 continebant,
1212 2083 1379 2154 apographa
1397 2083 1562 2140 Pithoeana

583 2168 735 2223 Vaticanus
751 2169 798 2223 lat.
813 2176 876 2223 7277
890 2170 935 2238 (--
952 2168 1072 2233 Haencl,
1095 2186 1158 2225 nov.
1171 2174 1259 2225 const.
1273 2171 1300 2224 l:
1326 2169 1707 2237 Vaticano-ottobonianus,
1733 2168 1801 2224 olim
1822 2168 1934 2238 Iosephi
1957 2155 1990 2218 Γ

490 2253 653 2326 Garampii)
669 2254 792 2325 scriptus
813 2257 858 2311 est
875 2271 947 2310 saec.
959 2259 996 2309 IX
1014 2254 1118 2311 litteris
1139 2256 1317 2323 minusculis,
1338 2261 1371 2312 ut
1392 2256 1454 2313 folii
1473 2258 1503 2311 lv
1520 2255 1676 2328 scripturae
1697 2255 1840 2327 specimen
1858 2253 1935 2324 apud

491 2340 673 2397 Amadutium
685 2341 780 2411 (Lepas
791 2340 914 2395 Noedloc
926 2341 1109 2411 Vunccdotoc,
1120 2341 1225 2399 Rornae
1239 2343 1315 2409 1767,
1327 2359 1355 2413 p.
1365 2347 1439 2413 XIX)
1453 2343 1543 2400 docet.
1571 2344 1714 2415 Originem
1732 2342 1807 2397 uude
1818 2340 1936 2398 traxerit

490 2444 661 2497 quamquam
673 2431 774 2484 testem
793 2427 901 2482 nullum
913 2428 1057 2495 habemus,
1075 2433 1170 2485 tamn
1183 2433 1213 2484 et
1225 2430 1412 2500 archetypum
1429 2433 1458 2485 et
1475 2429 1567 2501 ipsum
1585 2430 1614 2485 in
1626 2429 1723 2485 Gallia
1739 2429 1859 2500 scriptos
1876 2445 1935 2483 ease

492 2514 536 2570 vel
555 2515 620 2570 inde
639 2514 737 2586 colligi
755 2515 861 2585 potest,
884 2514 958 2583 quod
976 2518 1089 2585 praeter
1106 2515 1241 2570 Novellas
1258 2534 1313 2571 non
1332 2516 1458 2572 continet
1479 2515 1534 2571 uisi
1552 2517 1644 2588 legem
1662 2516 1695 2571 a.
1707 2516 1935 2587 Burgundionum

490 2600 543 2657 sub
555 2600 640 2657 titulo
651 2600 732 2674 ‘legia
741 2599 893 2656 Romanae’
900 2600 1058 2671 Gaiumque
1069 2600 1267 2657 Alaricianum.
1296 2602 1364 2658 Fuit
1375 2606 1522 2674 practerea
1533 2604 1607 2659 inter
1616 2602 1774 2659 christinae
1786 2602 1936 2657 Succorum

490 2685 605 2756 reginae
623 2685 722 2753 libros,
740 2704 857 2756 quorum
874 2687 1023 2758 plerosque
1040 2691 1070 2743 et
1087 2687 1268 2759 gravissimos
1290 2688 1355 2745 inde
1373 2689 1410 2746 ab
1428 2706 1501 2745 anno
1520 2690 1588 2745 1650
1605 2690 1642 2745 ab
1660 2689 1767 2745 Isaacio
1785 2688 1884 2743 Vossio
1907 2688 1936 2741 in

491 2772 586 2828 Gallia
603 2772 762 2842 adquisitos
779 2790 838 2830 esse
855 2773 983 2829 novimus
995 2775 1040 2844 (cf.
1053 2776 1159 2841 Blume,
1177 2775 1234 2829 lter
1248 2775 1374 2829 Italicam
1387 2778 1441 2830 ΙΙΙ
1456 2775 1543 2846 [1800]
1562 2793 1590 2846 p.
1602 2778 1721 2846 55010)-
1750 2774 1804 2829 Sed
1816 2772 1937 2829 certiora

490 2876 547 2915 uon
559 2864 696 2916 comant.
725 2859 913 2931 Repcmuntur
924 2863 1020 2917 autem
1031 2860 1060 2916 in
1072 2860 1158 2932 primi
1173 2861 1237 2916 folii
1255 2861 1374 2917 lacerati
1391 2865 1469 2918 recta
1484 2862 1721 2919 bibliothecarum
1737 2860 1850 2917 litterae
1863 2875 1936 2928 quac

491 2948 657 3016 sequuntur:
675 2948 725 3017 Ap.
742 2948 786 3001 VI
799 2949 923 3015 (numero
939 2949 981 3001 VI
994 2948 1106 3020 virgula
1123 2950 1276 3018 expuncto)
1293 2978 1327 2989 -
1345 2955 1376 3004 25
1393 2947 1472 3015 (item
1491 2950 1633 3019 expunct)
1652 2978 1684 2988 -
1702 2934 1757 3001 {23
1767 2976 1800 2987 -
1819 2945 1846 3001 S.
1858 2948 1889 2999 X.
1903 2951 1937 3000 20

492 3032 646 3103 (expunct)
664 3061 699 3072 -
716 3032 812 3088 E.6.3
829 3064 863 3074 -
882 3041 951 3089 7277.
987 3033 1108 3099 Quorum
1126 3035 1270 3107 signorum
1288 3033 1419 3089 ultimum
1438 3052 1500 3090 cnm
1519 3032 1753 3104 interpretatione
1771 3050 1826 3088 non
1844 3034 1935 3103 egeat,

493 3117 604 3174 litteras
621 3117 648 3173 6.
659 3120 693 3173 Χ.
702 3124 737 3173 lo
746 3118 783 3174 ad
795 3117 999 3177 bibliothecam
1011 3120 1230 3177 Ottoboniauam
1248 3124 1376 3191 spectare
1390 3120 1526 3176 Henricus
1538 3120 1743 3176 Brencmannua
1755 3118 1796 3186 (in
1810 3118 1937 3187 Epicteto

492 3202 532 3257 cd
551 3203 728 3258 Hadrianum
745 3203 901 3261 Rclondsm
920 3206 953 3261 dc
970 3207 1125 3262 consulebat
1141 3225 1255 3277 pamm
1271 3207 1304 3262 s'ss
1320 3206 1466 3261 Paadcctts
1483 3207 1515 3274 fit
1531 3206 1632 3261 meo
1649 3205 1718 3260 dota
1735 3246 1783 3261 ...
1801 3202 1937 3275 [Traiecti

492 3289 663 3344 Batavorum
683 3290 775 3361 1715])
793 3293 928 3358 testatur,
952 3293 1002 3362 qui
1020 3294 1055 3351 de
1073 3293 1169 3350 codice
1186 3298 1281 3350 nostro
1302 3298 1369 3365 post
1391 3293 1449 3348 alia
1470 3294 1540 3349 hacc
1558 3292 1672 3347 scribit:
1693 3291 1820 3346 ‘Relatus
1841 3295 1937 3347 autem

493 3379 537 3432 est
560 3376 590 3431 in
611 3375 703 3432 indice
725 3376 967 3447 splendidissimae
989 3377 1066 3433 illiue
1088 3378 1290 3437 bibliothecae’
1312 3382 1360 3447 (sc.
1378 3378 1595 3447 ottobonianae)
1614 3378 1676 3434 ‘sub
1701 3378 1785 3435 litera
1806 3378 1833 3438 S.
1842 3382 1875 3433 X.
1885 3378 1935 3434 20’.

492 3461 601 3535 Siglum
614 3479 696 3533 porro
708 3462 743 3517 Ε.
755 3469 807 3520 63
823 3464 875 3534 (sic
887 3464 1035 3536 legandum
1053 3468 1106 3534 est)
1124 3466 1265 3536 pertinere
1283 3466 1319 3522 ad
1333 3465 1446 3535 losephi
1458 3465 1605 3535 Garampii
1616 3464 1820 3522 bibliothecam
1832 3465 1938 3520 Haene·

492 3548 824 3621 lius(noo.coast.p.111)
841 3551 968 3607 0600106.
999 3551 1230 3608 Praecedentinm
1248 3552 1405 3607 litterarum
1419 3551 1476 3605 vim
1492 3568 1542 3622 pro
1556 3554 1632 3607 certo
1650 3549 1792 3622 explicare
1809 3569 1865 3607 non
1877 3568 1938 3621 pos·

494 3650 562 3699 rum,
581 3633 630 3691 sed
648 3651 682 3689 ex
700 3634 837 3691 laterculo
855 3637 885 3691 iu
903 3636 1117 3704 adunationeb
1136 3636 1271 3706 subiecto,
1289 3654 1345 3707 quo
1363 3636 1558 3692 nonnullorum
1572 3636 1729 3693 Vaticanae
1746 3636 1938 3692 bibliothecae

494 3718 629 3775 librorum
646 3737 774 3777 numeros
797 3722 973 3779 examinatos
996 3722 1143 3794 proposui,
1167 3722 1292 3780 conicere
1315 3723 1384 3779 licet
1405 3722 1435 3778 in
1454 3722 1613 3779 Christinae
1630 3722 1744 3796 reginae
1762 3722 1938 3779 bibliotheca

494 3805 584 3861 codici
606 3810 702 3862 nostro
723 3825 869 3865 numerum
889 3809 974 3865 faiae
990 3816 1046 3865 327.
1082 3810 1170 3882 Signo
1186 3812 1239 3882 Ap.
1254 3812 1296 3863 VI
1309 3815 1433 3866 nostrum
1455 3813 1541 3866 antea
1564 3810 1593 3864 in
1611 3810 1709 3866 eadem
1731 3809 1817 3866 tuisse
1838 3808 1937 3864 bibtic

493 3892 580 3949 theca
597 3894 734 3960 docemur,
753 3895 783 3949 in
795 3912 852 3964 qua
863 3894 1019 3951 Vaticanus
1036 3896 1173 3967 reg.1023
1190 3898 1250 3965 (Ap.
1265 3898 1325 3950 VII
1338 3896 1509 3967 signatus¹))
1527 3895 1590 3953 fuit.
1607 3927 1642 3936 -
1659 3895 1777 3952 Mortuis
1795 3895 1939 3952 christina

645 4237 652 4250 .
741 4237 852 4290 Numeri
867 4238 909 4290 cel
924 4237 1103 4303 insoeipticssss
1371 4212 1769 4331 Nmtrfbt'llt'ls'otkecacrcpiaas

719 4315 845 4368 raom
861 4332 880 4366 a
894 4314 1025 4368 cenam
1040 4318 1132 4383 seina
1170 4316 1335 4407 001000...
1406 4290 1735 4418 ΜὙΜἭὭΜ
1799 4366 1845 4401 m
1860 4348 1927 4401 Om-

831 4392 1020 4459 mmmm
1199 4410 1305 4461 '‘W“
1389 4420 1582 4489 umfaaese
1598 4420 1751 4484 empostae
1797 4419 1924 4470 cossam

717 4570 1132 4642 ‘numero12N(on)Pet(avlauc)
1536 4573 1603 4629 1441

811 4642 879 4697 1656
895 4640 1044 4697 Bourdclot’
1399 4645 1442 4709 (cl.
1455 4646 1546 4698 Menti.
1558 4645 1650 4697 Bibll
1667 4661 1693 4712 p.
1701 4641 1746 4709 46)

720 4809 789 4861 Petri
808 4809 926 4893 [lanistis
943 4817 970 4892 ct
987 4810 1019 4861 Δ.
1031 4810 1132 4861 Patavii
1229 4840 1280 4896 134
1423 4826 1561 4892 numerum
1577 4806 1628 4861 184
1645 4816 1719 4861 notat

624 4880 631 4896 '
765 4894 870 4931 nomina
886 4885 1011 4946 rmcrrpta
1027 4887 1090 4931 eunt
1428 4880 1519 4931 Menti.
1533 4878 1598 4930 Bibl.
1612 4880 1624 4930 1
1641 4895 1666 4946 p.
1679 4876 1714 4931 93

738 5045 769 5095 L
781 5044 882 5095 renui
898 5060 992 5095 nomen
1009 5043 1114 5110 inscrip
1225 5039 1278 5093 320
1538 5040 1605 5095 11⁷0

871 5121 926 5165 tum
944 5119 984 5163 est
1222 5111 1282 5176 (sic)
1408 5109 1452 5175 (cl.
1467 5113 1582 5164 Mouts.l
1600 5130 1624 5181 p.
1637 5110 1677 5163 38.
1691 5109 1735 5178 93)

736 5228 853 5285 ‘numero
873 5230 923 5284 116
940 5231 1018 5298 aas)
1036 5229 1119 5298 etca-
1539 5229 1605 5283 trec
1778 5213 1782 5385 ι

835 5299 926 5366 viano)
946 5297 1020 5353 loco’
1437 5298 1480 5364 (cl.
1493 5302 1583 5353 Menti.
1597 5304 1609 5353 l
1626 5317 1650 5368 p.
1662 5297 1707 5365 38)
