4959 6134
1113 536 1313 593 -01x-

594 699 657 762 aas
680 698 715 760 a
733 694 911 761 deaceae:
939 694 979 759 a.
996 696 1036 759 a.
1059 693 1296 760 Amnnauo
1319 693 1418 778 Pas)
1440 696 1481 759 A.
1497 694 1566 775 11²)
1591 694 1713 760 cora.

709 833 729 899 ¹)
746 836 784 887 sio
804 836 923 886 Antham.
936 833 959 885 3.

709 921 731 987 ⁸)
748 924 786 974 sic
802 918 961 973 Anthemii.

576 1077 712 1127 Anthemio
730 1076 756 1126 lr.
768 1079 822 1127 Ian.
840 1076 949 1128 alterum
968 1078 1129 1129 consulatum
1142 1078 1237 1128 Romae
1255 1078 1355 1128 ineunti
1373 1079 1451 1144 paulo
1463 1087 1521 1144 post
1538 1079 1606 1130 filiae
1619 1079 1723 1145 nuptias
1735 1095 1794 1129 oum
1807 1079 1931 1129 Ricimere

489 1164 632 1215 celebratas
659 1164 778 1214 Sidonius
806 1164 960 1230 Apollinaris
983 1165 1165 1231 panegyricum
1192 1164 1255 1214 dicit
1278 1165 1367 1227 (carm.
1385 1166 1421 1226 ll;
1449 1182 1488 1230 ep.
1504 1163 1571 1229 1,9).
1621 1167 1689 1215 Dum
1716 1164 1812 1216 bellum
1840 1172 1931 1216 eontra

489 1251 632 1301 Wandalos
649 1251 754 1317 geritur,
774 1251 926 1301 Anthemius
945 1252 1041 1303 Itomae
1060 1259 1182 1303 moratur.

489 1469 540 1525 468
567 1434 617 1573 {X
636 1435 757 1489 hilari.
849 1436 907 1491 dat.
921 1437 1025 1492 Itomae

593 1520 630 1576 id.
642 1521 725 1577 Mart.
850 1523 989 1594 accepite)
1008 1524 1111 1579 Romae

594 1624 645 1679 sub
663 1624 800 1680 dieXllll
850 1628 907 1682 dat.
921 1629 1026 1683 Romae

488 1694 541 1749 468
567 1627 585 1835 Ι
629 1694 656 1749 k.
669 1698 735 1765 Apr.
1108 1626 1126 1835 J

1133 1438 1333 1577 lhuperciauo
1351 1488 1402 1549 ppo
1421 1479 1542 1549 [ltaliae]
1622 1479 1777 1534 Antheml

1159 1694 1332 1764 Luperciano
1351 1704 1402 1765 ppo
1421 1694 1543 1766 [Italiae]
1623 1693 1782 1749 Anthemt

594 1782 645 1836 sub
658 1782 703 1836 die
716 1782 814 1838 eodem
852 1785 946 1837 actum

489 1868 541 1924 468
594 1868 675 1923 XIIII
694 1868 799 1938 luitpr.
851 1867 955 1925 Romae

594 2598 700 2662 Restat
722 2606 754 2659 ut
777 2604 885 2673 gratias
907 2621 989 2674 agam
1013 2604 1148 2658 maximas
1170 2602 1299 2658 omnibus
1325 2602 1373 2670 qui
1396 2603 1430 2658 de
1453 2604 1507 2658 hac
1530 2602 1652 2658 editione
1676 2604 1747 2659 bene
1765 2605 1933 2658 meruerunt.

491 2710 572 2765 Pium
589 2712 619 2765 et
636 2708 757 2778 primum
775 2707 896 2763 officium
916 2711 959 2764 est
978 2707 1093 2763 laudare
1111 2706 1282 2764 clarissimae
1299 2706 1448 2763 memoriae
1466 2706 1555 2762 virum
1572 2707 1743 2778 singularem
1759 2708 1934 2761 Tnaouoamr

490 2813 641 2876 Monesen,
669 2811 718 2881 qui
744 2810 799 2866 nisi
826 2811 855 2866 in
883 2815 962 2867 textu
988 2811 1155 2868 recensendo
1179 2811 1292 2866 adiutor
1315 2811 1385 2865 mihi
1409 2810 1508 2867 fuisset
1534 2809 1662 2866 assiduus
1688 2813 1774 2881 atque
1797 2811 1933 2882 egregius,

490 2934 642 2986 numquam
660 2915 720 2971 lieri
738 2916 840 2986 potuit,
860 2919 891 2970 ut
908 2915 974 2970 huic
993 2914 1071 2985 operi
1088 2915 1288 2970 satisfacerem.
1314 2915 1380 2970 Post
1396 2914 1497 2969 summi
1511 2915 1563 2969 viri
1575 2915 1692 2980 obitum,
1711 2933 1794 2984 quem
1806 2919 1934 2984 ereptum

493 3021 572 3076 nobis
591 3038 649 3076 esse
667 3023 744 3075 totus
762 3020 837 3075 orbis
855 3023 990 3076 terrarum
1008 3021 1098 3089 luget,
1118 3019 1317 3089 probatissimo
1335 3019 1453 3074 Orrorus
1471 3019 1557 3074 Sauos
1577 3019 1695 3075 consilio
1713 3038 1778 3074 usus
1796 3038 1870 3085 sum‚·
1888 3018 1933 3074 cni

492 3123 559 3193 quid
578 3123 664 3178 editio
683 3124 793 3188 debeat,
812 3127 966 3194 apparatus
985 3123 1099 3179 criticus
1117 3123 1181 3177 inde
1199 3142 1216 3177 a
1234 3143 1261 3193 p.
1276 3124 1322 3178 121
1344 3125 1433 3178 docet.
1459 3124 1607 3180 Praeterea
1625 3123 1654 3178 in
1673 3123 1826 3194 corrigendi
1839 3122 1933 3177 Prole·

492 3247 670 3300 gomanorum
689 3229 821 3298 plagulas
840 3246 924 3299 opere
942 3230 1054 3299 ingrato
1073 3232 1183 3284 strena
1201 3246 1246 3282 rue
1264 3227 1432 3283 adiuverunt
1444 3229 1553 3298 collega
1566 3228 1635 3282 Max
1648 3228 1808 3292 amramis,
1828 3225 1933 3280 amicus

492 3333 605 3386 Boenasa
632 3331 767 3392 Kauana,
799 3332 827 3385 in
854 3335 947 3387 textus
976 3333 1100 3402 plagulis
1124 3332 1295 3402 corrigendis
1321 3331 1462 3386 Euaanrvs
1485 3332 1643 3386 Tisanusa.
1687 3329 1931 3386 Praestantissima

492 3455 572 3507 porro
591 3435 755 3491 adiumenta
772 3435 842 3489 mihi
864 3436 1034 3501 attulerunt,
1059 3440 1091 3491 ut
1109 3435 1180 3491 alios
1197 3437 1328 3490 omittam
1346 3435 1403 3490 suis
1422 3435 1491 3491 locis
1514 3435 1582 3490 data
1600 3434 1744 3490 occasione
1767 3435 1933 3499 nominatos,

492 3541 606 3595 Pennus
624 3539 790 3594 Fnrumcus
807 3538 918 3593 Gmnan
936 3538 1089 3594 indefessus
1110 3539 1197 3594 totius
1215 3539 1307 3608 operis
1327 3540 1428 3602 fautor,
1448 3539 1618 3593 maniacus
1635 3538 1729 3593 Esaia
1747 3539 1772 3593 S.
1794 3540 1815 3593 I.
1834 3537 1933 3593 biblio-

491 3646 590 3700 thecae
603 3642 782 3713 Apostolicae
794 3642 950 3698 Vaticanae
968 3645 1132 3713 praefectus,
1152 3643 1180 3697 Ρ.
1194 3643 1317 3697 Grabaei
1329 3642 1517 3708 Taurinensis‚
1536 3643 1584 3711 qui
1601 3642 1797 3714 Eporediensis
1814 3640 1934 3713 capituli

492 3747 680 3804 bibliothecae
706 3744 813 3800 aditum
838 3744 908 3798 mihi
932 3745 1081 3814 patefecit,
1107 3745 1266 3800 Lunovrcus
1292 3745 1380 3799 Sraun
1404 3744 1510 3812 Regiae
1532 3745 1722 3800 bibliothecae
1745 3742 1931 3799 Beroliuensie

491 3852 571 3907 libris
594 3848 792 3918 manuscriptis
814 3848 999 3918 praepositus.
1035 3848 1149 3904 Gratiae
1168 3848 1289 3917 denique
1312 3853 1341 3902 et
1359 3848 1523 3903 Mommseni
1542 3853 1571 3902 ct
1589 3866 1650 3903 meo
1668 3848 1778 3903 nomine
1797 3846 1933 3902 debentur

493 3954 691 4017 walanam,
724 3951 771 4020 qui
803 3951 939 4007 editorum
968 3952 1107 4009 voluntati
1137 3970 1246 4023 semper
1272 3952 1399 4007 obsecuti
1427 3970 1542 4023 magnos
1570 3956 1699 4023 sumptus
1730 3952 1759 4005 in
1785 3954 1934 4018 utrumque

491 4057 620 4113 volumen
639 4074 690 4126 per
707 4058 752 4110 tot
769 4072 855 4110 anuos
868 4055 1007 4124 impensos
1020 4056 1141 4110 libenter
1153 4057 1286 4120 tulerunt,
1305 4074 1396 4125 neque
1414 4056 1506 4110 minus
1524 4055 1653 4111 officinae
1671 4055 1753 4109 aulae
1766 4053 1932 4109 Vimarienai

490 4158 722 4232 typographicae,
741 4177 813 4228 quae
832 4176 914 4229 opere
933 4177 982 4214 sno
1001 4163 1059 4215 iam
1078 4160 1190 4230 egregie
1209 4161 1305 4215 iuncta
1323 4163 1374 4215 est.

592 4344 754 4400 Scribebam
773 4344 896 4402 Beroliui
914 4361 1006 4400 mense
1025 4344 1151 4415 Angusto
1169 4363 1194 4400 a.
1214 4346 1289 4402 1905.

1482 4465 1616 4531 Paulus
1640 4466 1683 4533 u.
1699 4466 1828 4550 lleyer.
