4959 6134
1097 591 1131 600 -
1166 559 1260 615 XVIII
1297 588 1329 601 —

490 717 528 787 (p.
548 719 608 771 xlv
617 719 688 786 sqq.)
715 717 744 771 iu
772 715 1033 771 Valentiniunarum
1066 714 1157 771 indice
1183 714 1350 786 significavi.
1380 744 1413 755 -
1443 714 1606 786 Composita
1635 720 1679 771 est
1704 718 1813 788 sylloge
1838 720 1935 774 nostre

490 804 567 859 baud
591 804 680 859 multe
703 806 768 874 post
785 802 956 859 Breviarium
976 803 1180 868 continuatum,
1204 806 1281 857 certe
1303 802 1415 857 saecule
1433 805 1520 857 sexto.
1556 802 1749 875 Leevigildum
1767 804 1843 859 enim
1860 804 1933 860 Visi-

489 892 638 960 gotberum
656 908 751 960 regem
769 893 805 958 (a.
818 890 901 943 567-
908 888 983 957 586),
1005 887 1055 957 qui
1073 887 1197 944 codicem
1214 886 1393 943 Enricianum
1411 887 1572 944 emendavit
1589 894 1675 959 atque
1693 889 1785 956 auxit,
1808 891 1935 964 syllegae

489 977 590 1033 tertiae
604 976 836 1033 constitutionem
848 975 918 1042 (scil.
931 992 993 1030 nov.
1005 973 1149 1030 Anthemii
1165 976 1191 1041 l)
1204 973 1365 1030 adhibuisse
1379 978 1486 1031 certum
1505 978 1548 1031 est
1566 975 1641 1045 (vide
1654 975 1727 1031 infra
1745 976 1775 1031 in
1787 975 1882 1047 eapite
1891 979 1934 1047 V).

489 1063 532 1117 Ad
551 1063 735 1119 definiendam
753 1062 906 1133 regionem,
925 1060 974 1116 ubi
991 1061 1062 1116 haec
1079 1061 1189 1131 sylloge
1207 1061 1367 1132 conscripta
1385 1065 1428 1117 est
1445 1064 1599 1132 posteaque
1617 1062 1646 1117 in
1664 1081 1716 1117 usu
1733 1062 1796 1130 fnit,
1815 1064 1934 1122 fortasse

489 1149 608 1203 alicuius
632 1148 766 1205 momenti
785 1153 839 1214 est,
863 1147 937 1217 qnod
959 1147 1098 1203 novellam
1117 1146 1221 1202 Theod.
1236 1149 1266 1201 ll
1288 1147 1453 1217 iuratque
1471 1146 1609 1203 Breviarii
1626 1148 1706 1204 libris
1722 1150 1767 1205 ‘de
1785 1151 1937 1207 tutoribus'

489 1234 653 1306 inscriptam
667 1254 730 1291 cum
745 1234 847 1291 tertiae
865 1234 991 1305 syllegae
1010 1232 1077 1289 libri
1093 1234 1151 1290 fere
1168 1250 1264 1289 omnes
1282 1236 1342 1288 tum
1354 1233 1426 1305 legis
1438 1235 1471 1289 R.
1482 1234 1710 1305 Burgundionum
1722 1238 1774 1305 (36,
1783 1239 1812 1299 4)
1826 1238 1935 1295 cedices

490 1321 611 1376 universi
633 1324 684 1377 sub
706 1322 793 1378 titulo
814 1322 859 1378 ‘de
883 1319 1024 1377 tutoribus
1047 1318 1166 1390 pupillis
1192 1318 1380 1374 nominandis'
1400 1320 1526 1376 laudant
1568 1322 1697 1386 Accedit,
1724 1323 1799 1391 quod
1822 1324 1936 1378 novella

489 1409 676 1479 extravagans
688 1407 813 1463 Severi2
828 1407 950 1464 eiusdem
967 1406 1039 1476 legis
1055 1405 1335 1477 R.Burg.capit146
1353 1406 1496 1477 adscripta
1514 1408 1579 1463 inde
1597 1408 1626 1461 in
1643 1410 1791 1465 nonnullos
1808 1409 1935 1481 syllegae

488 1497 600 1549 nestrae
619 1494 728 1550 cedices
745 1494 868 1549 transiit.

575 1581 688 1636 Tertiae
706 1580 789 1635 huius
806 1581 933 1652 syllegae
951 1581 1138 1651 archetypum
1155 1597 1210 1634 nen
1229 1580 1319 1634 solum
1332 1579 1475 1647 Nevellas,
1493 1580 1542 1636 sed
1562 1581 1732 1637 Breviarium
1751 1586 1842 1638 toturn
1861 1600 1934 1637 oom-

489 1666 628 1737 plectens‚
653 1684 735 1736 quem
758 1666 882 1722 ordinem
906 1666 1049 1732 hebuerit,
1069 1665 1197 1722 codicum
1220 1664 1348 1720 Vaticani
1370 1681 1422 1735 reg.
1436 1672 1501 1721 1023
1522 1667 1604 1733 (saec.
1621 1668 1658 1737 Χ)
1677 1692 1709 1713 --
1728 1675 1749 1721 Σ
1765 1669 1882 1737 (Μ’)
1906 1672 1936 1724 et

491 1754 617 1807 Porisini
635 1760 701 1808 4412
719 1755 801 1819 (saec.
818 1757 865 1821 lX)
885 1776 917 1799 =
936 1759 958 1809 Ξ
979 1753 1037 1821 (fel.
1050 1752 1095 1820 8¹)
1113 1751 1225 1807 rubrica
1247 1769 1320 1820 quae
1341 1752 1468 1821 sequitur
1490 1752 1596 1824 optime
1618 1754 1767 1825 explanat:
1803 1755 1839 1810 In
1864 1745 1942 1809 X‘P'l

488 1841 596 1893 nornine
612 1840 674 1910 (in.
689 1840 834 1894 ..nemim
855 1840 910 1895 def.
923 1841 956 1910 Β)
977 1840 1114 1908 incipiant
1140 1840 1287 1894 enunties
1309 1856 1369 1892 oum
1385 1838 1478 1893 diebus
1501 1844 1525 1893 et
1546 1840 1701 1895 aaaron
1721 1846 1854 1909 mnas
1875 1858 1935 1896 cum

489 1926 753 1994 interpretabamur
764 1924 825 1979 labri
837 1926 921 1994 Ιῳοιηι
933 1941 967 1979 ca
978 1941 1087 1995 corpere
1099 1924 1244 1979 Theodosii
1256 1925 1407 1993 (theudosii
1420 1927 1460 1993 Ξ).
1490 1926 1581 1993 Ipsius
1592 1925 1732 1981 Theodosii
1743 1928 1896 1994 (theudosii
1905 1929 1936 1997 Ξ)

488 2018 553 2066 arnt
566 2012 627 2065 labri
641 2014 668 2065 Χ
673 2014 720 2077 1⁷1,
737 2010 908 2066 Noctilucam
920 2012 994 2080 (libri
1012 2011 1062 2066 ins.
1071 2015 1104 2073 Ξ)
1122 2027 1182 2066 nrm
1195 2012 1351 2066 aeonibus
1368 2028 1466 2078 mm,
1477 2011 1507 2065 id
1518 2018 1554 2066 est
1569 2014 1756 2068 Valentiniani
1762 2018 1783 2082 ²)
1798 2015 1936 2069 Mortioni

492 2099 651 2153 Maioriani
664 2098 755 2154 Seueri
767 2098 923 2165 Moenai¹),
942 2100 1017 2164 (nant
1029 2098 1080 2154 ins.
1087 2101 1120 2161 Ξ)
1133 2099 1174 2153 ἰῶ.
1183 2098 1291 2166 Vssibri
1304 2097 1428 2167 quinque
1440 2098 1554 2153 insimul
1566 2102 1607 2169 Ξ).
1634 2100 1690 2155 Hac
1700 2101 1733 2153 in
1743 2101 1797 2168 fine
1809 2101 1935 2168 (nemi)

488 2186 603 2239 istem
620 2190 645 2239 et
663 2190 727 2238 anto
742 2184 852 2237 initium
866 2183 937 2253 Gopi
954 2184 1059 2255 (ΨΒ)
1078 2184 1198 2238 arborem
1216 2187 1297 2252 (rum
1311 2186 1341 2252 Σ)
1358 2186 1419 2239 iure
1436 2186 1498 2253 (sic)
1514 2187 1628 2255 remoue.
1663 2185 1736 2257 (iugi
1751 2189 1809 2258 (gy
1823 2188 1853 2251 Ξ)
1872 2186 1937 2240 liber

489 2271 564 2339 (bro
576 2274 609 2338 r)
628 2273 657 2338 1,
679 2270 762 2325 mats
779 2272 975 2325 sormam
997 2270 1058 2323 zea
1083 2260 1135 2336 (rii
1153 2274 1183 2338 ι)
1202 2273 1231 2337 y,
1254 2270 1414 2340 maman
1435 2259 1471 2325 ut
1489 2271 1603 2341 (eros)
1621 2275 1650 2339 r,
1670 2272 1877 2342 asomum
1898 2261 1935 2327 ut

489 2357 562 2425 (bro
574 2360 605 2425 s)
619 2361 643 2425 1,
662 2358 785 2427 ranan
803 2345 839 2411 ut
851 2357 924 2424 (uro
936 2360 971 2423 r)
985 2359 1009 2421 1,
1025 2355 1161 2410 amens·
1179 2356 1292 2425 (mermi
1304 2359 1337 2426 r)
1354 2346 1391 2410 ze
1401 2358 1471 2425 (ero
1484 2361 1515 2426 r)
1529 2361 1552 2412 1.
1588 2358 1678 2414 utun
1695 2360 1807 2413 emanat
1822 2365 1935 2414 vem

488 2459 522 2498 oc
539 2445 703 2498 nouellmun
720 2444 782 2498 labri
798 2444 881 2513 mom
899 2444 1000 2496 ΧΧΧΙ
1014 2444 1079 2510 (xxx
1097 2446 1127 2498 et
1144 2460 1199 2499 uno
1212 2445 1255 2512 Ξ).

577 2530 620 2584 Ad
633 2531 769 2586 Novellas
788 2547 853 2586 vero
872 2528 946 2598 quod
963 2528 1077 2593 attinet,
1097 2529 1150 2584 hec
1168 2529 1301 2585 librorum
1320 2547 1407 2600 genus
1426 2530 1537 2600 plenius
1555 2548 1639 2598 quam
1658 2531 1759 2600 reliqui
1777 2549 1936 2602 repraesen-

489 2619 534 2671 tat
562 2616 708 2671 Fuldencic
733 2616 800 2671 libri
826 2615 974 2688 epitomati
994 2616 1029 2683 (D
1043 2619 1072 2671 l:
1100 2633 1172 2671 saec.
1188 2616 1260 2684 Vlll)
1285 2616 1452 2685 laterculus,
1479 2617 1528 2686 qui
1555 2617 1631 2671 hunc
1657 2617 1686 2671 in
1708 2618 1820 2673 medum
1843 2617 1935 2689 dispe-

488 2703 560 2759 situe
577 2706 632 2759 cst:

575 2791 663 2859 A·)¹>)
682 2789 827 2858 (r01.101):
857 2790 959 2858 incipit
982 2790 1047 2844 liber
1063 2790 1147 2859 Ιῳιιυι
1168 2789 1334 2843 mentionem
1352 2788 1382 2842 di
1406 2789 1480 2842 tituli
1500 2788 1587 2843 dicius
1608 2788 1702 2859 (scrib.
1720 2788 1776 2843 diei
1798 2790 1935 2858 Omnes),

489 2879 644 2945 sequuntur
659 2876 787 2931 rubricae
802 2875 831 2941 12,
849 2875 959 2931 seilicet
971 2875 1143 2931 novellarum
1156 2874 1294 2930 Breviarii
1306 2874 1457 2929 Theodosii
1469 2875 1502 2928 ll.
1516 2899 1548 2921 =
1561 2880 1654 2939 I—Xl,
1673 2875 1845 2932 novellarum
1857 2881 1937 2932 extra

489 2962 664 3018 Breviarium
693 2961 843 3017 Theodosii
862 2961 897 3016 ll.
924 2965 955 3018 et
980 2959 1175 3016 Valentiniani
1193 2961 1243 3015 Ill.
1271 2960 1483 3016 commixtarum
1503 2985 1535 3005 =
1553 2966 1782 3027 XII-XLVIlll,
1809 2962 1937 3018 novellae

488 3047 608 3117 denique
625 3047 774 3103 Maioriani
792 3050 809 3104 9
828 3070 861 3094 =
881 3047 908 3101 L.

575 3135 632 3203 Αο)
650 3134 708 3199 (fol
723 3134 799 3204 ltu:
817 3134 964 3201 afflictant
982 3134 1055 3189 tittdi
1074 3134 1157 3204 Ιῳιιηι
1173 3134 1338 3188 maclarum
1350 3132 1405 3187 diei
1421 3132 1541 3187 dindoni
1559 3133 1657 3202 incipit
1675 3133 1738 3188 labor
1750 3135 1833 3204 legam
1849 3136 1936 3189 uetera·

488 3220 605 3288 tinioni,
623 3224 776 3290 oequuntur
792 3220 920 3276 rubricae
939 3225 1002 3285 Xll,
1020 3219 1130 3277 scilicet
1147 3221 1320 3276 novellarum
1340 3218 1477 3275 Breviarii
1496 3218 1689 3276 Valentiniani
1707 3220 1782 3287 111.²)

577 3307 632 3375 13·)
652 3306 712 3375 (fel.
723 3307 794 3378 13¹):
814 3294 901 3377 ceptio
918 3308 983 3362 liber
991 3308 1110 3377 papiani
1128 3306 1266 3376 incr'priunt
1284 3307 1358 3361 tituli
1373 3306 1431 3361 deti
1447 3307 1591 3375 temserunt,
1609 3308 1764 3375 sequuntur
1775 3307 1934 3363 rubricaev

488 3411 550 3449 nov.
568 3392 706 3449 Breviarii
724 3394 869 3449 Marciani.

575 3481 629 3548 13¹³)
648 3480 706 3550 (fol.
722 3481 799 3549 13ης
824 3482 932 3550 explicit
954 3481 1196 3536 scaturentia
1219 3482 1357 3536 carmon-i
1377 3482 1514 3551 incipiebat
1535 3482 1698 3536 nemitorem
1720 3478 1776 3533 diei
1801 3480 1936 3534 marcioni

488 3566 581 3633 (scrib.
600 3568 766 3638 muierioni),
785 3572 939 3637 sequuntur
955 3568 1082 3624 rubricae
1102 3575 1126 3623 11
1144 3586 1206 3623 nov.
1225 3568 1364 3623 Breviarii
1383 3568 1539 3623 Maioriani.

575 3654 643 3722 B⁰):
664 3655 772 3723 explicit
789 3655 953 3709 nerellma
971 3654 1026 3709 diei
1043 3654 1180 3709 rrroioroni
1198 3653 1261 3722 (sic)
1280 3655 1363 3724 incip.
1382 3653 1439 3709 divi
1456 3654 1533 3709 sitiri
1537 3695 1545 3721 ,
1569 3654 1695 3723 sequitur
1712 3652 1825 3710 rubrica
1843 3660 1853 3708 l
1871 3672 1935 3709 nov.

488 3739 626 3796 Breviarii
644 3740 748 3797 Seueri.

573 3825 649 3894 Bu:
668 3825 806 3895 incipiunt
825 3826 901 3880 tituli
918 3827 974 3881 diei
991 3826 1104 3880 mummi
1121 3826 1152 3882 de
1169 3842 1285 3881 summos
1301 3826 1409 3895 moniali
1427 3825 1497 3895 (sic).

575 3912 613 3980 C)
631 3912 661 3978 (f.
673 3913 705 3967 14
712 3913 747 3981 r):
770 3912 879 3981 aplicit
900 3912 976 3967 tituli
992 3912 1103 3967 armeni
1119 3913 1259 3981 incipient
1277 3913 1351 3967 tituli
1369 3914 1452 3983 Ιιφιυι
1468 3912 1525 3966 diei
1543 3911 1669 3965 antinini
1686 3911 1759 3981 (sic),
1783 3915 1936 3981 sequuntur

488 3998 617 4054 rubricae
636 4004 673 4053 lll
691 3998 865 4055 novellarum
883 3998 1129 4070 extravagantinm
1147 3998 1301 4054 Anthemii.

574 4092 1275 4164 Emtadodintognenacintilladclahrolopon.

574 4188 721 4243 mom
739 4207 801 4244 cum
819 4192 931 4259 praeter
948 4189 1116 4246 laterculum
1134 4208 1189 4246 nen
1207 4190 1314 4246 habeat
1331 4189 1385 4245 nisi
1403 4188 1637 4246 constitutionum
1654 4187 1794 4258 epitomas
1806 4186 1935 4243 brevissi·

487 4292 560 4339 mas,
584 4274 636 4329 alii
660 4274 783 4330 eiusdem
802 4274 917 4345 originis
935 4274 1014 4342 libri,
1038 4275 1087 4346 qui
1110 4294 1161 4346 per
1178 4294 1208 4331 se
1225 4275 1318 4331 minus
1335 4276 1413 4347 pleni
1438 4280 1468 4331 et
1492 4274 1520 4328 in
1538 4272 1634 4329 ordine
1652 4278 1681 4329 et
1699 4274 1728 4327 in
1747 4271 1868 4328 numeris
1885 4275 1934 4328 ad·

488 4361 602 4430 scriptis
621 4379 683 4415 cum
702 4360 836 4417 Fuldensi
853 4361 1042 4426 consentiunt,
1066 4362 1144 4431 leges
1165 4366 1294 4432 receptas
1312 4362 1435 4432 integrae
1454 4360 1595 4417 exhibent.
1631 4358 1758 4416 Pertinet
1776 4359 1805 4414 id
1824 4360 1935 4429 potissi-

487 4464 562 4500 mum
580 4446 617 4501 ad
628 4447 810 4501 Ρίεὴοωηιινη
826 4446 1002 4516 dependam
1020 4448 1049 4502 in
1062 4446 1263 4504 Sicbardianae
1282 4447 1357 4503 enim
1375 4447 1507 4504 editionis
1526 4445 1681 4516 exemplari
1699 4446 1767 4500 elim
1781 4445 1809 4498 P.
1823 4445 1934 4501 Pithoe-

487 4550 566 4588 erum
588 4532 678 4602 patris
701 4536 730 4588 et
748 4531 816 4598 filii,
841 4550 913 4588 nunc
931 4532 1122 4591 bibliothecae
1140 4532 1273 4605 publicae
1290 4534 1434 4591 Parisiuae
1452 4533 1482 4588 in
1499 4531 1631 4603 repositis
1649 4533 1695 4598 (en
1712 4533 1830 4597 reserva)
1849 4531 1870 4584 l*
1883 4530 1936 4588 380

486 4618 554 4687 (1³⁴),
573 4619 592 4672 f.
604 4619 660 4673 94¹
682 4619 849 4674 laterculum
871 4617 1029 4676 invenimus
1051 4621 1225 4677 novellarum
1246 4639 1263 4677 a
1281 4620 1416 4677 Sicharde
1433 4638 1488 4675 nen
1506 4623 1695 4690 receptarum,
1714 4617 1824 4672 scilicet
1841 4618 1933 4672 nevel-

491 4729 693 4735 -.—-...—-
831 4726 897 4733 ...ι-

576 4794 596 4859 ¹)
615 4796 646 4846 In
660 4795 708 4847 hac
725 4796 841 4848 codicum
855 4795 896 4848 ΣΞ
913 4794 1025 4859 rubrica,
1043 4796 1068 4845 in
1081 4812 1141 4861 qua,
1160 4804 1190 4847 ut
1207 4797 1234 4847 in
1252 4797 1341 4847 tardae
1358 4797 1474 4864 syllegae
1491 4795 1638 4861 archetypo,
1657 4792 1751 4844 ficticia
1762 4792 1871 4843 Maximi
1889 4793 1934 4858 qui

487 4863 581 4915 dicitur
593 4866 697 4917 novella
708 4866 777 4928 (vide
789 4883 813 4933 p.
824 4863 922 4928 XXIV)
939 4864 999 4916 libri
1017 4866 1100 4931 quinti
1118 4865 1285 4917 Novellarum
1303 4865 1389 4917 locuni
1407 4868 1533 4928 obtineat,
1551 4864 1688 4917 Theodosii
1707 4863 1739 4912 ll.
1758 4862 1829 4928 leges
1847 4863 1933 4913 nevel·

487 4933 540 4997 lae,
558 4941 660 4986 servato
678 4935 792 5002 legitimo
810 4935 933 4985 librorum
952 4950 1066 4999 numere,
1084 4935 1245 4986 emittuntur.

575 5019 598 5087 ²)
616 5023 686 5072 Inter
704 5020 755 5087 Ao)
773 5028 799 5073 et
815 5018 867 5085 3⁸)
885 5021 1028 5087 interpositi
1046 5029 1108 5072 aunt
1125 5022 1207 5073 Gaius
1224 5022 1402 5103 Gregoriauus
1419 5020 1644 5087 Hermogenianus
1665 5018 1819 5082 Abriciani,
1843 5018 1934 5097 deinde

487 5106 537 5157 aub
559 5106 661 5158 rubrica
678 5106 816 5173 Papiniani
839 5108 866 5157 in
884 5108 1044 5158 breviarium
1070 5108 1166 5174 recepti
1188 5107 1279 5172 incipit
1297 5109 1332 5159 iit
1349 5107 1484 5172 pupianus
1501 5106 1690 5172 sponsaliorum
1708 5102 1729 5154 1
1743 5104 1775 5155 de
1789 5104 1875 5169 pectis
1896 5104 1935 5155 int

487 5176 571 5226 eham
588 5184 612 5227 et
623 5191 730 5227 werona
748 5172 854 5242 (pariter
869 5184 948 5241 atque
965 5177 992 5227 in
1005 5176 1053 5242 ⁸A)
1070 5177 1188 5242 sequitur
1200 5179 1304 5230 novella
1316 5175 1434 5229 &uerit
1450 5176 1518 5241 (vide
1537 5193 1559 5242 p.
1573 5176 1677 5239 xxlv),
1695 5180 1750 5224 tum
1769 5175 1887 5239 praefixis
1900 5174 1937 5224 ΙΙ

487 5245 519 5296 de
539 5260 642 5295 reorum
665 5245 782 5295 custodio
803 5244 976 5296 Theodosiani
994 5243 1052 5311 9,1‚
1066 5246 1097 5296 18
1120 5247 1297 5313 interpretatio
1320 5246 1437 5298 habetur.
1474 5247 1508 5297 Ut
1529 5246 1612 5297 Gaius
1629 5243 1803 5309 Gregorianue
1826 5244 1934 5294 llermo·

486 5315 622 5380 gomanno,
644 5315 681 5366 ita
698 5314 798 5366 Paulus
815 5314 1022 5367 Theodosianum
1040 5316 1171 5382 excipiens
1189 5315 1256 5371 salse
1276 5318 1302 5367 in
1320 5317 1378 5368 leco
1396 5315 1514 5367 collocati
1532 5323 1601 5382 suut
1620 5312 1645 5364 id
1663 5312 1731 5384 qued
1748 5310 1873 5363 librorum
1892 5315 1934 5366 ΣΞ

487 5384 591 5436 rubrica
609 5384 679 5449 (ride
696 5383 787 5452 supra)
805 5384 887 5437 deest.
